3378 5608
633 706 675 758 on
695 707 856 758 nnnrauo.
1216 695 1274 761 281

209 859 301 941 ipsos
312 874 379 921 non
394 857 529 937 poterat
538 855 690 935 reparari
705 853 842 918 comode
859 857 894 917 et
916 855 988 918 sine
1016 871 1135 933 magno
1161 859 1269 931 sumu,

217 1015 264 1031 ...
284 963 549 1028 tradiderunt...
567 963 601 1024 in
615 962 801 1041 accapitum
816 965 851 1024 ct
864 963 898 1023 in
907 962 1139 1042 emphiteosim
1153 981 1273 1044 perpe·

212 1078 314 1145 tuam,
344 1075 379 1133 et
405 1070 499 1132 titulo
528 1069 603 1149 puri
639 1072 672 1130 et
700 1067 931 1131 irrevocabilis
966 1069 1196 1144 atfictamenti,

212 1179 381 1259 Stephano
420 1173 605 1248 Michaelis,
634 1173 701 1236 tilio
736 1175 828 1237 Petri
843 1175 1028 1249 Michaelis,
1059 1176 1206 1256 pcrochc
1234 1178 1276 1242 de

212 1287 359 1365 Agnicra
387 1285 421 1346 in
437 1283 626 1356 Devolodio‚
651 1281 869 1362 Vapinoensls
885 1283 1039 1358 diocesis,
1062 1283 1183 1346 ibidem
1199 1299 1275 1365 pre·

214 1393 316 1468 senti,
329 1439 336 1452 .
349 1437 377 1454 ..
398 1391 470 1453 vice
490 1393 524 1451 ct
554 1390 701 1451 nomine.
715 1437 741 1452 ..
781 1388 860 1452 dicti
888 1390 980 1450 Petri
1006 1389 1188 1466 Michaelis,
1202 1395 1275 1469 ejus

210 1501 329 1581 patris,
345 1497 503 1572 absentis,
522 1499 555 1558 et
582 1512 714 1557 suorum
740 1495 901 1558 heredum
917 1501 952 1558 et
975 1513 1214 1572 successorum,
1236 1515 1276 1562 ac

210 1610 313 1670 Petro
338 1609 371 1668 et
392 1604 535 1668 Jobanni
561 1603 742 1678 Benedicti,
761 1603 842 1664 alias
864 1607 905 1666 de
920 1606 1081 1678 Pecbota,
1105 1605 1274 1681 iratribus,

211 1712 358 1794 peroobe
373 1713 414 1775 ds
428 1713 528 1773 Cluza
543 1710 622 1772 dicti
632 1709 815 1784 bevolodii,
831 1709 953 1773 ibidem
977 1711 1203 1790 presentibus,
1223 1761 1270 1776 ...

209 1821 366 1883 videlicet
402 1836 410 1882 ε
448 1823 553 1880 totum
580 1816 742 1878 forestum
772 1831 831 1878 scu
870 1818 1044 1896 grangiam
1075 1819 1275 1898 appellatam

208 1925 382 1998 forestum
395 1927 437 1988 de
465 1927 633 1999 Rubicone,
666 1922 765 1984 siturn
788 1923 876 1984 inter
902 1923 1012 1985 locum
1038 1923 1276 2002 predictumde

208 2033 309 2094 Gluza
323 2035 358 2094 st
372 2046 540 2093 manssum
556 2029 596 2091 de
610 2031 694 2104 Ans,
711 2045 786 2091 cuni
802 2029 881 2091 dicti
900 2029 1016 2092 foresti
1045 2047 1106 2093 scu
1132 2031 1274 2110 grangis

209 2137 414 2218 egressibus,
431 2135 649 2215 ingressibus,
665 2136 889 2214 regressibus,
908 2137 1068 2213 domibus,
1096 2138 1274 2216 casalibus,

211 2245 407 2322 curtilagiis,
434 2245 566 2325 plateis,
594 2244 705 2317 terris,
738 2244 837 2306 cultis
866 2247 901 2306 et
929 2260 996 2307 non
1023 2244 1133 2320 cultis,
1158 2247 1275 2326 pratis,

213 2353 417 2425 nemoribus,
435 2351 572 2425 hermis,
588 2351 730 2431 pascuis,
746 2350 929 2426 territorio,
944 2351 1107 2426 districtu,
1124 2353 1276 2434 rippera-

211 2461 287 2538 giis,
303 2459 443 2538 rigagiis
465 2462 499 2520 et
514 2457 587 2520 aliis
601 2458 818 2539 pertinenciis
848 2461 881 2520 et
904 2459 1063 2536 juribus..
1076 2507 1103 2522 ..
1123 2461 1274 2540 exceptis

211 2571 338 2640 tamen,
353 2566 454 2628 salvis
470 2568 503 2627 et
517 2565 655 2628 retentis
671 2565 798 2628 directo
815 2565 959 2627 dominio
974 2570 1009 2629 et
1023 2567 1180 2644 segnoria
1200 2585 1276 2648 per·

210 2677 336 2753 petuo,.
350 2721 357 2736 .
371 2724 377 2736 .
398 2673 576 2746 laudimiis,
586 2673 703 2734 vendis
715 2675 748 2734 et
760 2672 957 2753 intragiis,si
968 2673 1089 2737 dictam
1101 2676 1273 2754 grangiam

211 2797 271 2844 seu
287 2781 448 2843 forestum
461 2784 516 2842 aut
530 2783 659 2860 partem
673 2781 835 2858 ejusdem.
849 2829 875 2844 ..
893 2781 992 2843 vendi
1007 2785 1064 2844 aut
1089 2785 1278 2862 permutari

210 2888 469 2965 contingerit...
487 2889 526 2948 ut
540 2891 779 2950 concesserunt
807 2904 857 2961 ec,
869 2889 946 2966 quia
960 2887 1050 2952 dicta
1060 2890 1200 2970 grangia
1218 2907 1279 2955 seu

209 2995 374 3057 forestum
389 2993 504 3056 incidit
517 2994 551 3054 in
566 3007 716 3073 ruynam,
734 2997 767 3056 et
782 2995 854 3056 sine
870 3011 992 3072 magno
1008 2999 1104 3058 custu
1122 3011 1189 3059 non
1203 3014 1277 3078 pos·

214 3105 268 3166 set
281 3101 445 3182 reparari,
464 3103 591 3162 attenta
606 3103 803 3180 paupertate
818 3101 897 3164 dicti
910 3103 1114 3178 monasterii,
1124 3118 1164 3166 ac
1178 3104 1277 3166 etiam

212 3225 276 3290 pro
303 3226 342 3270 ec
365 3211 398 3270 et
424 3207 591 3281 adfinem,
621 3211 657 3270 ut
677 3208 741 3287 ipsi
765 3209 888 3270 Petrus
909 3207 1094 3284 Michaelis,
1109 3211 1228 3272 Petrus
1244 3213 1277 3273 et

216 3318 235 3377 J
238 3315 387 3378 ohannes
401 3314 625 3377 Benedicti...
646 3317 826 3377 teneantur
840 3318 874 3376 et
888 3315 954 3377 siut
969 3314 1097 3379 astricti
1110 3331 1173 3396 pro
1188 3315 1276 3380 dioto

211 3419 706 3502 foresto...unumssr[vicium]
716 3419 1015 3497 inconcessorum,
1024 3421 1276 3504 annissingulis,

214 3545 276 3611 per
289 3530 532 3608 imperpetuum
548 3531 581 3590 et
589 3529 621 3591 in
628 3527 740 3590 lutuno
752 3529 839 3591 dicto
850 3529 1052 3591 monasterio
1064 3529 1273 3593 deBcrthau·

216 3636 259 3697 do
275 3639 349 3698 octo
365 3636 508 3697 florenos
522 3639 655 3698 monete
666 3636 815 3715 Papcvel
825 3635 1275 3718 Regis,singulotlcrenopro

217 3741 390 3805 duodecim
402 3743 803 3822 grossiscomputato,pro
815 3759 918 3805 ceusu
928 3746 963 3805 et
974 3743 1116 3806 servicio
1126 3745 1272 3820 annuali,

288 3849 445 3912 videlicet
469 3853 610 3926 quatuor
635 3850 779 3911 florenos
814 3849 847 3910 in
875 3849 961 3912 testo
984 3850 1108 3930 pasche
1133 3851 1274 3928 Domini,

216 3973 280 4019 nec
305 3973 373 4018 non
389 3961 488 4030 et,...
510 3955 605 4017 annis
635 3957 786 4033 singulis,
817 3957 982 4036 perpetue
1011 3955 1125 4021 decern
1145 3961 1178 4020 et
1201 3961 1274 4022 octo

216 4063 358 4124 sestaria
386 4063 510 4123 lavoris
540 4061 735 4141 msyteherii
762 4063 942 4138 censualia,
971 4063 1126 4127 videlicet
1153 4081 1272 4128 novem

217 4169 361 4231 sestaria
374 4169 532 4230 frumenti
547 4170 622 4248 puri
634 4172 668 4231 et
681 4169 789 4245 nitidi,
806 4169 846 4230 ad
862 4185 1051 4232 mensuram
1064 4171 1142 4234 dicti
1157 4171 1274 4236 locide

145 4305 152 4316 ·
217 4275 488 4356 Cluzapredicta,
515 4280 549 4337 et
575 4275 640 4337 alia
666 4293 782 4338 novem
807 4278 950 4338 sestaria
971 4277 1060 4340 bladi
1085 4295 1143 4340 seu
1170 4295 1274 4342 avene

217 4383 323 4456 nitidi,
336 4382 377 4444 ad
392 4383 530 4444 eandem
544 4399 732 4444 mensuram
749 4383 1012 4456 solvenda,anno
1022 4385 1272 4468 quolibet,dicto

217 4490 432 4566 monasterio,
448 4490 482 4550 in
496 4489 581 4551 dicto
597 4490 720 4552 foresto
743 4505 802 4554 seu
816 4492 956 4569 grangia
971 4492 1012 4554 de
1026 4496 1196 4569 Rabtoum
1210 4511 1273 4572 que

217 4596 349 4676 quidem
364 4595 476 4658 decern
485 4598 600 4657 etccto
609 4597 749 4658 sestaria
759 4597 882 4660 lavcris
892 4598 1090 4678 meyteberii
1102 4600 1273 4662 censualia

217 4705 427 4783 subigantur,
442 4706 596 4768 leventur
610 4707 643 4766 et
664 4705 867 4785 recipiantur
894 4707 928 4768 in
958 4707 1047 4770 dicta
1072 4707 1212 4786 grangia
1237 4708 1272 4771 in

217 4831 307 4890 orca,
324 4831 386 4898 per
400 4815 496 4877 dom¹¹²
511 4813 672 4880 vicarium
685 4813 765 4880 dicti
781 4817 990 4896 monasterii,
1090 4819 1147 4882 aut
1172 4817 1270 4882 etiam
