3378 5608
432 717 492 780 266
802 727 950 778 ominans
970 713 1012 778 ba
1033 730 1119 778 mn.

433 891 547 940 omnes
569 879 662 940 ectus
695 893 787 938 meos
801 875 961 938 altissimo
977 876 1131 951 creatori,
1147 877 1279 939 domino
1303 893 1376 940 meo
1390 877 1494 942 Jbesu

432 983 548 1063 Xpisto
564 985 597 1046 et
609 984 706 1046 beate
720 983 836 1058 Mario,
853 982 997 1062 gloriose
1007 983 1140 1061 virgini,
1157 985 1231 1062 ejus
1246 985 1355 1060 matri,
1369 985 1494 1064 totique

432 1091 524 1154 curie
544 1091 668 1155 celesti.
699 1093 739 1153 nt
759 1089 836 1170 quie
857 1089 992 1152 heredis
1014 1090 1178 1154 institutio
1193 1093 1245 1154 est
1259 1093 1361 1172 caput
1375 1094 1409 1155 et
1424 1091 1495 1155 ion-

432 1200 621 1262 damentum
649 1201 873 1276 cujuscunque
896 1197 1100 1273 testamenti,
1113 1195 1249 1275 [idcirco
1273 1199 1308 1260 in
1331 1199 1493 1274 omnibus,

431 1307 597 1370 universis
616 1309 651 1369 et
673 1305 812 1384 singulis
839 1305 933 1368 bonis
955 1305 1050 1381 meis,
1067 1305 1167 1368 rebus
1182 1309 1215 1368 et
1233 1305 1378 1384 juribus,
1394 1307 1496 1370 mobi-

429 1415 516 1478 libus
529 1416 565 1478 et
578 1411 797 1477 immobilibus
812 1411 1074 1491 quibuscunque,
1083 1416 1351 1492 quantacunque,
1365 1412 1495 1493 qualia·

430 1537 560 1601 cunque
589 1523 624 1584 et
648 1519 834 1598 ubicunque
873 1518 1156 1596 consistentibus,
1186 1520 1345 1584 heredem
1384 1537 1494 1584 meam

430 1629 655 1694 universalem
679 1627 784 1706 facio,
813 1627 965 1702 instituo,
994 1643 1072 1690 creo
1109 1631 1142 1690 et
1170 1644 1229 1691 ore
1256 1645 1331 1692 meo
1356 1627 1492 1710 proprio

430 1736 562 1801 nomino
577 1738 698 1806 etesse
712 1733 927 1811 volo,'amore
946 1735 1006 1797 Dei
1029 1737 1061 1796 et
1079 1735 1114 1798 in
1127 1735 1357 1816 redemptione
1371 1753 1494 1816 pecca-

408 1879 411 1884 -
428 1843 553 1908 minum
567 1859 730 1918 meorum,
744 1842 902 1906 videlicet
927 1841 1169 1906 monasterium
1197 1843 1268 1905 sive
1292 1847 1495 1907 conventum

428 1951 635 2014 dominarum
660 1949 851 2012 monialium
867 1949 907 2012 de
921 1950 1098 2024 Bertaudo,
1116 1951 1222 2012 solum
1238 1952 1273 2013 ot
1287 1951 1321 2012 in
1338 1949 1492 2014 solidum.

429 2063 499 2134 Quo
523 2058 654 2120 domine
683 2057 844 2120 moniales
873 2057 1022 2136 ejusdem
1060 2057 1255 2120 monasterii
1283 2055 1428 2121 debeant
1459 2060 1493 2120 et

428 2168 604 2229 teneantur
616 2165 798 2245 deprecare
814 2181 874 2243 pro
891 2164 1003 2226 anima
1026 2180 1100 2226 mea
1126 2168 1160 2227 et
1182 2181 1341 2227 meorum.
1357 2164 1392 2226 Si
1406 2165 1494 2242 quod

427 2275 661 2337 testamentum
742 2272 951 2352 reperiretur
973 2269 1093 2334 iecisse
1108 2287 1196 2334 nunc
1212 2288 1379 2350 usque...
1399 2271 1492 2347 illud,

430 2429 477 2446 ...
498 2398 541 2444 ex
556 2397 630 2444 mea
645 2363 740 2444 certa¹
755 2379 909 2458 scientia,
919 2395 1056 2442 revoco.
1068 2426 1075 2440 .
1088 2425 1095 2439 .
1109 2381 1179 2442 Hoc
1193 2382 1244 2441 est
1258 2383 1371 2442 autem
1386 2382 1488 2442 testa·

425 2493 575 2552 mentum
599 2505 709 2552 meum
734 2487 885 2550 ultimum
968 2489 1175 2565 Exequtores
1198 2502 1279 2548 vero
1295 2486 1405 2549 anime
1418 2503 1493 2550 mee

425 2601 459 2661 et
472 2596 662 2675 hujusmodi
676 2596 742 2658 mei
758 2594 865 2656 ultimi
887 2593 1081 2658 testamenti
1096 2592 1184 2656 iacio
1199 2597 1235 2656 et
1257 2592 1374 2656 ordino
1391 2592 1494 2657 domi-

425 2722 485 2766 nas
513 2704 673 2770 moniales
708 2702 787 2765 dicti
823 2700 1018 2763 monasterii
1054 2700 1095 2763 de
1133 2700 1297 2763 Bertaudo
1400 2703 1492 2778 Acta,

425 2814 544 2874 testata
565 2813 599 2872 et
627 2810 781 2872 ordinata
802 2809 939 2870 suerunt
966 2808 1029 2871 hec
1058 2807 1247 2888 Auripetre,
1280 2808 1314 2870 in
1341 2807 1492 2888 hospicio

426 2915 508 2981 domi
520 2917 681 2980 iohannis
696 2916 870 2990 iohannis,
900 2915 1088 2996 cappellani
1107 2915 1214 2978 curati
1230 2914 1308 2977 dicti
1323 2914 1496 2990 loci,vide·

426 3025 505 3090 licet
518 3024 552 3087 in
567 3025 706 3087 iocenea
726 3023 875 3101 ejusdem
888 3021 1046 3102 hospicii;
1064 3021 1275 3103 presentibus
1293 3037 1300 3086 :
1318 3023 1391 3103 ipso
1408 3023 1496 3086 dom⁰

424 3131 576 3195 Johanne
591 3130 764 3200 Johannis,
779 3129 870 3190 dom⁰
891 3129 1014 3191 Jacobo
1036 3131 1206 3207 Mayrone,
1224 3129 1315 3190 dom⁰
1336 3131 1436 3192 Petro
1455 3129 1496 3191 de

424 3240 543 3312 Blado,
571 3237 776 3318 cappellanis
807 3235 910 3315 ipsius
939 3235 1026 3309 loci,
1057 3236 1184 3298 Jacobo
1215 3235 1319 3308 Cilvi,
1346 3236 1498 3298 Johanne

424 3347 539 3424 (logni,
580 3345 831 3417 mercatoribus,
861 3341 1103 3404 habitatoribus
1127 3341 1208 3404 dicti
1234 3342 1301 3405 ioci
1331 3342 1371 3404 de
1397 3343 1501 3404 Auri-

424 3453 532 3534 petm,
549 3451 637 3514 dom⁰
664 3451 840 3513 Guillelmo
868 3451 995 3522 Boneti‚
1013 3449 1187 3528 capellano
1203 3453 1321 3512 curato
1349 3450 1391 3512 de
1417 3453 1499 3512 Bar·

426 3563 498 3622 reto
520 3558 685 3634 interiori,
700 3562 734 3621 et
749 3558 927 3620 Guillelmo
947 3557 1122 3633 Bernardi,
1139 3558 1288 3634 ejusdem
1308 3555 1384 3630 loci,
1402 3558 1498 3620 testi-

424 3668 539 3732 bus...
563 3686 569 3741 ;
598 3671 632 3730 et
660 3685 713 3730 me
741 3665 892 3746 Syiiredo
922 3665 963 3728 de
991 3663 1198 3742 Arzeleriis,
1225 3665 1266 3727 de
1294 3664 1497 3745 Auripetra‚

426 3775 647 3855 vapincensis
672 3774 824 3847 diocesis,
854 3772 985 3835 notario
1013 3771 1144 3853 publico
1172 3771 1372 3836 auctoritate
1391 3771 1500 3852 impe-

425 3883 502 3944 riali
517 3884 551 3944 et
567 3881 750 3962 delphineli
764 3879 980 3944 constituto..
994 3927 999 3939 .
1020 3877 1053 3959 †.

453 4042 463 4064 ⁸
480 4041 554 4106 Orig.
573 4041 662 4106 parcb.
678 4041 711 4090 de
727 4041 757 4090 i0
772 4040 819 4104 lig.
837 4040 883 4101 ili.
909 4039 1029 4103 stenem
1046 4055 1078 4088 en
1094 4041 1177 4090 forme
1195 4037 1299 4090 d'etoile
1317 4051 1331 4089 a
1347 4039 1385 4088 six
1399 4053 1501 4100 rayons

424 4131 613 4196 intganx,avcc
625 4130 663 4182 les
673 4129 776 4180 letires:
792 4129 863 4196 85ss
874 4131 911 4180 de
921 4127 1050 4178 onerer.
1060 4129 1124 4179 Cote
1139 4145 1144 4178 :
1159 4127 1187 4188 C,
1202 4127 1249 4190 30;
1265 4127 1296 4178 D.
1308 4127 1352 4178 811
1367 4142 1373 4189 ;
1390 4126 1421 4188 Ε,
1434 4126 1479 4177 tlt
1495 4146 1502 4172 t

427 4223 457 4284 F,
474 4223 527 4275 302.
