3378 5608
604 677 826 728 promnion.
1195 651 1253 728 271

184 839 296 888 rorum
332 823 514 905 posteritas
551 823 765 904 subsequitur
788 840 855 887 non
881 823 1024 904 ignoret.
1054 823 1257 905 adquorum

184 932 341 996 noticiam
368 931 434 996 hoc
459 947 602 1014 presens
617 949 735 997 verum
759 931 973 1013 etpublicum
998 931 1257 996 instrumentum

182 1038 385 1118 pervenerit,
409 1039 495 1119 quod
521 1055 595 1104 cum
619 1037 802 1120 questionis
817 1038 1036 1118 meteriajam
1053 1042 1127 1102 orta
1152 1041 1254 1118 esset,

181 1148 356 1224 majorque
370 1146 454 1210 oriri
469 1163 510 1210 ac
534 1145 622 1210 verti
639 1149 836 1228 speraretur
864 1145 953 1210 inter
967 1146 1196 1210 venerabilem
1221 1149 1256 1208 et

182 1251 378 1332 religiosum
391 1253 501 1316 virum
519 1255 617 1316 domu
630 1253 842 1318 Gnillelmum
857 1254 898 1317 de
914 1258 1154 1331 Roonqutone,
1167 1253 1255 1318 vica.

181 1361 266 1424 rium
285 1361 404 1424 domus
433 1364 468 1426 et
495 1361 690 1426 monasterii
713 1362 755 1426 de
777 1361 954 1438 Bertaudo,
1056 1365 1090 1426 et
1117 1359 1255 1426 Petrum

181 1468 354 1532 Benedicti
374 1485 414 1534 ec
429 1472 613 1534 Poncetum
628 1469 766 1546 Galicie,
780 1473 851 1549 ejus
864 1469 1034 1549 generum,
1047 1469 1256 1552 pelliparios,

180 1575 221 1638 de
235 1576 386 1656 vapinoo
405 1596 412 1652 ;
501 1593 545 1641 ex
564 1593 619 1641 eo.
632 1625 659 1642 ..
681 1577 767 1656 quod
791 1577 1044 1658 prenominatus
1059 1576 1254 1640 Guillelmus

181 1680 221 1744 de
232 1687 461 1749 Buootoone.
475 1733 502 1749 ..
520 1684 650 1748 dicebat
739 1684 825 1764 qnod
847 1687 965 1762 gentes
981 1683 1144 1747 dictorum
1162 1681 1257 1745 Petri

179 1789 350 1854 Benedicti
364 1793 399 1853 et
412 1791 564 1866 Ponceti,
579 1809 643 1872 que
659 1807 766 1870 nuper
787 1791 1036 1871 plantaverunt,
1055 1790 1090 1852 in
1113 1790 1255 1869 quodam

180 1895 330 1976 ipsorum
344 1898 435 1960 Petri
450 1899 486 1961 et
499 1899 640 1962 Ponceti
654 1898 763 1974 vinea,
782 1897 845 1961 sita
860 1899 896 1962 in
911 1897 1082 1962 territorio
1098 1897 1252 1978 Vapinci,

180 2020 253 2088 loco
269 2005 455 2083 vulgariter
476 2010 666 2088 nuncupato
693 2007 728 2068 in
751 2003 838 2070 Bioo
859 2007 984 2082 Jw'alt,
1007 2008 1108 2084 juxta
1122 2005 1254 2074 vineam

180 2109 285 2190 ipsius
300 2113 550 2178 monasterii...
575 2116 612 2176 et
628 2116 729 2192 juxta
747 2112 879 2176 vineam
898 2112 1059 2176 iohannis
1083 2109 1254 2174 Lantlredi

254 2219 437 2282 maximum
452 2218 657 2300 da[mlpnum
680 2223 714 2283 et
735 2219 958 2300 prejudicium
978 2219 1174 2284 intullerant
1187 2219 1252 2298 ipsi

181 2325 386 2388 monasterio
400 2325 441 2390 de
455 2327 632 2404 Bertando,
653 2327 836 2391 dirruendo
861 2326 1024 2405 quoddam
1043 2329 1251 2400 brocardum,

189 2432 275 2510 quod
292 2437 366 2496 erat
379 2433 469 2498 inter
484 2434 592 2500 dictas
603 2435 720 2499 vineas
745 2435 892 2516 ipsorum
900 2433 1097 2498 monasterii
1112 2449 1151 2496 ac
1161 2431 1254 2496 Petri

183 2539 355 2604 Benedicti
370 2543 404 2604 et
418 2542 558 2606 Ponceti
568 2543 703 2616 delicie,
721 2559 784 2606 nec
801 2559 867 2604 non
883 2545 917 2605 et
931 2541 1091 2604 sindendo
1107 2557 1147 2604 ac
1161 2539 1252 2604 evel-

184 2647 284 2711 lendo
300 2648 478 2712 nonnullas
493 2649 630 2713 arbores
655 2649 777 2712 ibidem
792 2650 988 2724 existentes,
1005 2648 1121 2728 quoad
1141 2647 1253 2729 prela·

182 2757 250 2818 tum
289 2756 527 2820 monasterium
563 2757 605 2820 de
632 2757 797 2820 Bertaudo
826 2755 1047 2837 pertinebant,
1079 2753 1114 2818 et
1142 2753 1251 2817 eciam

182 2861 390 2942 projiciendo
427 2866 565 2944 terram,
590 2864 738 2946 lapidum
777 2865 994 2944 quantitatem
1031 2863 1067 2924 in
1107 2862 1251 2942 quodem

181 2968 347 3048 hroassio,
376 2971 463 3050 quod
499 2974 551 3034 est
578 2971 666 3034 dicte
700 2971 799 3035 vinee
835 2971 940 3052 ipsius
979 2973 1173 3034 monasterii
1207 2971 1249 3033 de

182 3077 372 3150 Bertaudo;
396 3078 482 3140 unde
508 3079 601 3141 salva
626 3079 728 3157 legali
756 3078 978 3142 extimacione
999 3095 1061 3159 pro
1087 3079 1249 3160 predictis

181 3182 337 3262 dampnis
351 3183 417 3263 ipsi
428 3185 631 3248 monasterio
644 3189 825 3268 propterea
848 3185 950 3250 illatis
965 3185 999 3248 in
1022 3185 1119 3248 dictis
1133 3185 1251 3248 broas·

183 3289 231 3352 sio
247 3293 282 3354 et
295 3291 483 3368 arboribuS,
509 3309 652 3356 necnon
668 3297 702 3356 et
719 3311 780 3372 pro
804 3293 935 3372 injuriis
959 3293 1024 3374 ipsi
1047 3293 1250 3356 monasterio

181 3401 337 3477 pretextu
353 3399 604 3480 premissorum,
625 3401 847 3464 diversimode
867 3400 988 3479 lactis;
1014 3399 1149 3482 petebat
1176 3415 1251 3481 pre-

181 3505 270 3570 latus
289 3507 420 3571 donnus
445 3507 645 3572 vicarius...
678 3507 799 3586 viginti
822 3512 856 3574 et
881 3509 1028 3588 quinque
1055 3509 1201 3570 florenos
1229 3525 1249 3570 a

180 3615 421 3694 prenominatis
435 3619 535 3679 Petro
550 3619 584 3680 et
607 3619 754 3680 Ponceto
772 3635 780 3694 ;
804 3616 885 3696 ipsis
993 3616 1028 3678 in
1044 3616 1249 3680 contrarium

185 3722 370 3787 dicentibns
456 3741 493 3787 se
516 3725 604 3789 dicto
627 3723 829 3789 monasterio
927 3725 961 3788 in
988 3724 1110 3789 nichilo
1128 3723 1246 3800 tenori,

257 3831 336 3909 quia
361 3831 396 3894 in
425 3832 513 3895 dicta
535 3832 635 3896 vinea
655 3832 761 3912 ipsius
786 3831 980 3896 monasterii
995 3833 1121 3896 nullum
1136 3833 1250 3912 damp-

179 3951 260 4000 num
272 3938 400 4000 illatum
417 3939 540 4002 luerat.
554 3987 581 4004 ..
601 3942 641 4003 Et
655 3940 805 4018 ulterius,
821 3957 896 4003 cum
911 3941 1119 4022 plantatores
1145 3941 1249 4020 ipsius

181 4044 281 4108 vinee
295 4047 459 4110 dictorum
474 4047 566 4110 Petri
592 4050 626 4110 et
644 4048 784 4111 Ponceti
808 4047 930 4112 ibidem
952 4047 1189 4129 plantaverint,
1209 4047 1251 4110 ad

181 4167 381 4217 consensum
406 4153 512 4235 ipsius
528 4155 629 4218 donni
643 4155 763 4219 vicarii
777 4159 811 4219 et
831 4155 994 4220 dictorum
1005 4157 1100 4219 Petri
1114 4158 1149 4219 et
1161 4158 1247 4218 Pon·

180 4259 269 4338 ceti,
302 4262 497 4326 Guillelmus
525 4263 687 4340 Abonelli,
712 4262 793 4327 alias
822 4264 971 4340 Gerloni,
1005 4267 1040 4327 et
1079 4263 1250 4326 lohannes

181 4369 356 4432 Genevesii
370 4369 523 4450 condam,
536 4371 577 4434 de
590 4371 748 4452 Vapinoo,
766 4375 873 4434 metas
888 4371 1010 4434 ibidem
1021 4375 1250 4452 apposuerunt

181 4479 215 4539 et
229 4476 503 4542 totumdebatum
527 4479 614 4542 inter
642 4496 700 4542 eos
728 4480 1035 4544 concordaverunt.
1069 4482 1117 4542 Be
1132 4479 1249 4558 quibus

178 4584 309 4662 quidem
322 4587 486 4648 metarum
500 4585 763 4666 appositionibus
790 4587 824 4650 et
839 4588 880 4650 de
904 4585 1084 4650 concordia
1098 4585 1251 4667 predicta

179 4695 213 4754 et
238 4693 310 4755 aliis
332 4693 412 4754 inde
437 4693 574 4772 sequtiS,
599 4695 748 4774 prelatus
764 4695 894 4757 donnus
917 4671 1064 4758 vicarius
1084 4693 1147 4756 luit
1164 4694 1250 4757 bene

180 4801 332 4862 cntentns
350 4817 357 4874 ;
375 4799 463 4862 unde
479 4798 633 4863 dicetent
651 4799 731 4862 dicti
747 4803 867 4866 Petrus
894 4805 929 4865 et
962 4804 1126 4864 Poncetus
1142 4801 1250 4880 quodo
