3378 5608
442 691 503 752 274
811 703 956 753 cunnms
976 705 1018 752 ns
1039 705 1126 752 Μ).

444 851 642 913 auctoritate
670 850 892 936 quarumlibet
924 851 1112 914 litterarum
1140 851 1408 932 apostolicarum,
1442 853 1500 916 sub

442 958 558 1035 quavis
573 957 680 1020 formu
704 957 881 1020 verborum
906 959 1199 1022 conlectarumrel
1220 957 1499 1022 conficiendarum

440 1065 474 1126 in
498 1067 680 1144 posterum,
701 1065 831 1127 etiamsi
852 1065 894 1128 de
908 1065 1057 1130 domibus
1083 1066 1153 1128 sire
1174 1064 1215 1128 de
1239 1066 1452 1128 monasteriis
1468 1069 1500 1128 et

440 1171 555 1234 ordine
575 1171 778 1234 cartusiensi
804 1189 844 1234 ac
866 1171 1050 1252 privilegiis
1081 1172 1186 1235 eidem
1208 1173 1316 1234 ordini
1344 1175 1499 1236 aSancta

440 1278 526 1342 Sede
545 1279 725 1358 apostolica
753 1281 920 1342 concessis
945 1285 979 1342 et
1006 1281 1226 1343 concedendis
1242 1297 1439 1361 expressam
1454 1282 1500 1342 sa·

439 1386 528 1448 cient
540 1386 754 1460 mentionem,
784 1391 817 1448 et
836 1388 937 1448 etiam
958 1387 1027 1449 sive
1054 1387 1179 1449 eisdem
1207 1387 1314 1451 literis
1340 1391 1499 1450 caveatur

438 1509 602 1573 expresse
617 1493 702 1570 quod
727 1509 841 1556 omnes
856 1511 999 1575 persone
1024 1495 1251 1558 ecclesiastice
1272 1499 1305 1558 et
1326 1495 1498 1557 seculares

438 1603 471 1662 et
496 1599 670 1677 regulares
699 1617 981 1679 quorumcumque
1010 1602 1174 1678 ordinum,
1191 1605 1347 1681 exempta
1378 1604 1412 1664 et
1432 1618 1496 1664 non

437 1711 604 1788 exempta,
622 1709 662 1770 ad
676 1708 918 1787 prestationem
932 1711 1111 1770 teneantur
1125 1713 1159 1772 et
1174 1710 1213 1771 ad
1223 1709 1495 1772 contribuendum

435 1817 469 1875 in
485 1815 619 1876 easdem
635 1814 790 1895 compelli
804 1815 949 1888 valeant,
967 1833 1033 1877 non
1055 1815 1260 1878 obstantibus
1278 1817 1306 1876 si
1330 1816 1495 1896 prioribus

435 1921 651 1986 conventibus
674 1937 732 1983 seu
755 1921 923 1984 ordinibus
949 1923 1166 1984 communiter
1189 1923 1243 1984 vel
1263 1922 1394 1984 divisim
1419 1923 1496 1984 sita

432 2028 585 2108 predicta
598 2029 682 2090 Sede
697 2028 857 2090 indultum
873 2029 958 2107 quod
973 2029 1013 2090 ad
1037 2030 1276 2108 prestationem
1293 2029 1495 2091 solutionum

431 2135 621 2213 hujusmodi
643 2135 778 2198 minime
802 2139 989 2208 teneantur,
1008 2135 1071 2214 ipsi
1087 2135 1196 2197 ordini
1221 2135 1436 2208 cartusiensi,
1456 2136 1496 2197 de

431 2241 585 2322 ampliori
600 2241 724 2320 gracia,
737 2243 778 2303 sit
801 2241 972 2314 indultum,
995 2245 1096 2320 prout
1112 2242 1217 2306 lacius
1242 2242 1275 2303 in
1297 2242 1379 2322 ipsis
1394 2242 1494 2320 privi-

428 2349 523 2427 legiis
552 2349 757 2412 continetur:
782 2366 841 2410 vos
865 2353 977 2411 tamen
993 2347 1228 2412 nichilominus
1244 2350 1351 2429 ipsum
1375 2365 1491 2427 procu-

428 2458 577 2518 ratorem
601 2455 775 2518 monuistis
798 2473 856 2518 seu
883 2455 1011 2518 moneri
1043 2455 1169 2518 lecistis
1189 2457 1225 2518 ut
1257 2457 1329 2537 ipse
1356 2455 1434 2518 hinc
1455 2457 1496 2518 ad

429 2563 516 2625 diem
540 2565 733 2639 crastinam,
762 2579 826 2641 que
857 2564 921 2625 erit
947 2563 1075 2625 decima
1104 2563 1199 2627 sexta
1226 2563 1297 2626 dies
1326 2564 1492 2647 presentis

429 2671 553 2734 mensis
568 2671 766 2745 novembris,
791 2671 939 2732 solveret
965 2673 998 2732 et
1011 2671 1241 2733 contribueret
1265 2671 1299 2732 in
1315 2671 1400 2732 dono
1415 2688 1491 2750 gra-

429 2778 520 2840 cioso
535 2795 597 2858 per
614 2780 739 2842 olerum
754 2779 853 2840 trium
864 2777 1109 2857 provinciarum
1125 2778 1341 2852 Arelatensis,
1361 2782 1491 2857 Aquen-

428 2886 486 2960 sis,
504 2885 759 2961 llbredunensis,
788 2885 875 2948 dom⁰
899 2889 1014 2948 nostro
1040 2887 1130 2964 Pape
1155 2884 1277 2947 dudum
1290 2886 1390 2962 lacto,
1408 2886 1489 2947 alias

426 2993 663 3056 monasterium
678 2994 785 3072 ipsum
804 2993 846 3054 de
870 2993 1033 3054 Bertaudo
1058 2993 1287 3055 ecclesiastico
1308 2991 1489 3054 mandastis

425 3099 568 3179 supponi
596 3099 785 3162 interdicto.
803 3100 906 3172 Unde,
929 3115 1001 3161 cum
1025 3099 1091 3179 ipsi
1105 3099 1254 3176 religiosi
1268 3097 1490 3161 cartusiensis

425 3206 550 3268 ordinis
574 3205 616 3268 ad
631 3206 904 3269 contribuendum
924 3223 990 3268 non
1006 3209 1193 3280 teneantur,
1211 3206 1335 3266 virtute
1348 3204 1487 3284 privile-

424 3306 554 3390 giorum
571 3313 839 3394 apostolicorum,
856 3313 1003 3376 sentiens
1033 3331 1069 3375 se
1091 3313 1343 3391 prenominatus
1362 3312 1489 3373 donnus

423 3421 602 3483 Durandus
616 3421 747 3495 Ricolti,
768 3425 1001 3500 procurator..
1015 3471 1021 3484 .
1047 3420 1243 3483 monasterii
1258 3419 1299 3482 de
1313 3419 1488 3492 Bertaudo,

425 3531 620 3606 agrevatum
637 3547 644 3602 ;
661 3529 781 3590 timens
795 3528 881 3606 quod
904 3545 940 3591 se
964 3531 997 3590 et
1027 3527 1152 3590 dictum
1175 3526 1414 3590 monasterium
1428 3542 1489 3605 per

422 3653 481 3698 vos
498 3635 624 3698 sorcius
638 3637 671 3698 in
687 3639 857 3715 posterum
882 3634 1048 3713 agravari,
1067 3635 1106 3696 ad
1123 3634 1371 3698 sanctissimum
1386 3632 1487 3694 domi·

423 3761 502 3805 num
517 3747 667 3807 nostrum
682 3761 803 3824 papam
819 3743 1045 3818 Benedictum,
1067 3745 1100 3804 et
1117 3741 1159 3803 ad
1174 3741 1249 3802 illos
1264 3741 1304 3802 ad
1320 3757 1417 3820 quem
1433 3738 1487 3802 vel

423 3851 464 3914 ad
479 3869 561 3930 quos
574 3852 743 3930 presentis
758 3850 991 3932 appellationis
1015 3849 1171 3926 cognitio,
1197 3849 1238 3911 de
1250 3852 1328 3927 jure
1343 3849 1397 3911 vel
1412 3863 1486 3911 con-

421 3959 608 4034 suetudine,
629 3957 747 4020 melius
762 3957 884 4036 poterit
898 3957 1080 4036 pertinere,
1096 3959 1129 4019 et
1144 3974 1163 4018 a
1177 3956 1270 4018 vobis
1286 3960 1319 4019 et
1334 3955 1485 4017 monitio-

420 4066 516 4128 nibus
543 4066 664 4128 vestris
690 4065 725 4126 in
750 4064 815 4126 hiis
845 4063 978 4144 scriptis
1013 4063 1237 4144 presentibus,
1269 4065 1431 4143 provocat
1454 4065 1487 4123 et

395 4209 398 4218 ·
421 4171 575 4252 appellat,
589 4173 754 4236 electione
769 4175 879 4234 tamen
896 4171 958 4232 sibi
980 4174 1125 4245 servata,
1141 4185 1251 4232 coram
1273 4186 1336 4248 quo
1352 4185 1485 4230 causam

420 4284 612 4360 presentem
627 4279 785 4360 prosequi
808 4277 978 4359 voluelrilt
1003 4282 1037 4340 et
1056 4279 1175 4340 melius
1204 4277 1347 4358 poterit;
1363 4272 1486 4337 submi-

419 4391 494 4449 tens
510 4404 547 4450 se
562 4390 685 4466 tamen,
698 4387 820 4450 virtute
847 4386 1015 4466 presentis
1043 4385 1287 4466 appellationis,
1304 4383 1393 4452 idem
1408 4398 1486 4461 pro-

419 4499 565 4570 curator,
588 4495 720 4556 nomine
742 4511 805 4572 quo
833 4510 946 4574 supra,
975 4497 1009 4556 et
1034 4493 1155 4555 dictum
1181 4489 1417 4554 monasterium
1446 4488 1486 4550 de

416 4605 581 4666 Bertaudo
610 4603 741 4665 tuitioni
769 4607 802 4664 et
839 4599 1037 4681 protectioni
1070 4617 1109 4662 ac
1137 4595 1336 4662 deffensioni
1365 4593 1485 4657 Sancte

417 4713 511 4776 Sedis
535 4715 716 4796 apostolice
742 4729 801 4775 seu
816 4709 1050 4789 illiusJudicis,
1074 4725 1185 4770 coram
1213 4723 1277 4785 quo
1292 4706 1482 4783 presentem

418 4822 674 4903 appellationem
703 4823 933 4902 prosequetur.
959 4820 1053 4891 Item,
1081 4831 1172 4894 sepe,
1185 4813 1297 4892 sepius
1321 4816 1355 4874 et
1379 4811 1481 4891 sepis·
