3378 5608
625 661 668 712 on
688 661 857 711 naasion.
1210 656 1269 716 277

205 804 313 881 item„
327 853 354 870 ..
372 805 542 880 Marcelle,
563 807 662 868 uxori
681 807 840 870 Anthonii
866 806 981 882 Palati,
997 826 1036 872 ao
1064 809 1164 873 miehi
1179 816 1274 875 nota.

205 915 253 978 rio
277 914 508 994 intruseripio‚
604 913 779 992 quamdam
805 917 999 979 terram
1032 917 1103 979 loeo
1121 917 1208 981 dieto
1235 923 1274 982 tn

205 1025 349 1096 Paluda,
374 1021 622 1084 controntatam
644 1023 744 1098 juxta
769 1019 1004 1085 ohanabariam
1025 1025 1166 1087 Salvarii
1191 1028 1272 1088 Bor-

206 1129 362 1208 gonhoni‚
392 1127 427 1192 et
449 1131 546 1208 juxta
575 1132 699 1190 terram
736 1127 897 1192 heredum
927 1130 1064 1192 Artaudi
1088 1133 1209 1208 l3oerii¹
1241 1137 1275 1196 et

202 1240 297 1316 juxta
317 1235 626 1299 terram⁰Ventaoni
649 1236 798 1314 Gargatii
825 1237 1045 1310 senioris,
1075 1244 1176 1319 prout
1200 1242 1274 1321 ipsa

204 1345 376 1418 Marcella,
393 1345 435 1406 de
454 1344 568 1406 lavore
593 1345 663 1406 sive
688 1343 911 1406 detractibus
937 1345 992 1422 qui
1022 1351 1101 1408 sunt
1125 1349 1159 1409 in
1183 1349 1273 1412 dieta

205 1455 298 1514 terra
314 1454 471 1514 teneatur
485 1455 520 1514 et
538 1450 649 1514 iacere
665 1450 784 1513 debeat
800 1467 899 1513 uuam
913 1457 1065 1528 moelem,
1083 1455 1123 1516 ad
1140 1455 1272 1518 modum

203 1559 308 1648 ipsius
323 1559 403 1622 loci.
416 1607 443 1622 ..
463 1563 574 1634 Item„
588 1605 615 1620 ..
642 1559 791 1638 predicte
810 1558 979 1634 Marcelle,
1002 1561 1143 1640 propter
1168 1563 1272 1626 multa

204 1669 237 1728 et
252 1667 398 1746 plurima
419 1667 516 1746 grata
545 1666 688 1728 servicia
721 1666 785 1728 sibi
813 1665 901 1728 iacta
925 1683 986 1745 per
1012 1668 1172 1745 eamdem,
1189 1673 1223 1732 et
1238 1671 1272 1732 in

203 1775 269 1836 suis
305 1773 552 1838 infirmitatibus
590 1773 710 1837 cotidie
751 1771 947 1852 impendere
984 1790 1047 1835 non
1081 1783 1200 1851 cessat,
1376 1799 1386 1838 r·

202 1879 354 1960 qamdam
375 1885 513 1956 ortum„
528 1929 553 1943 ..
574 1879 648 1942 loeo
674 1880 762 1943 dioto
792 1881 1030 1954 adlevatum,
1048 1882 1103 1962 qui
1118 1883 1273 1946 centron·
1356 1875 1358 1879 ’

201 1987 291 2052 tatur
307 2037 354 2051 ...
380 2005 454 2051 eum
469 1988 590 2051 itinere
604 1988 688 2050 reali
703 1991 749 2050 ot.
763 2035 791 2050 ..
811 2005 886 2049 curn
901 1991 996 2050 terra
1017 1988 1179 2052 heredum
1192 1995 1270 2054 Ber·

205 2096 316 2158 trandi
355 2095 471 2158 Poneii
572 2099 665 2170 item.
771 2096 937 2158 eidem...
982 2111 1086 2156 unum
1115 2097 1272 2160 caoobum

203 2205 372 2265 tenentem
403 2204 616 2266 medietatem
644 2204 742 2265 unius
779 2203 940 2265 brochate
976 2219 1061 2280 aque
1078 2225 1141 2279 ...;
1171 2221 1271 2267 unum

203 2308 427 2388 copertorium
443 2311 587 2382 laneum,
611 2316 644 2374 et
672 2327 773 2372 unum
803 2310 983 2371 linteamen
1009 2313 1042 2370 et
1057 2310 1156 2372 etiam
1171 2327 1270 2372 unam

202 2413 485 2490 hissaohiam...;
531 2433 630 2478 unum
660 2433 719 2478 vas
747 2416 948 2478 vinaterium
981 2414 1099 2478 lenens
1128 2416 1270 2495 quinque

203 2525 370 2585 saumatas
387 2523 456 2584 vini
474 2569 521 2586 ...
541 2527 651 2598 llam„
664 2570 690 2586 ..
709 2523 882 2601 Beatrisie‚
897 2522 965 2584 lilio
979 2521 1138 2584 Anthonii
1152 2523 1268 2596 Pelati‚

209 2677 256 2692 ...
279 2645 378 2692 unam
394 2645 488 2692 orem
505 2635 538 2692 et
553 2631 653 2692 etiam
669 2647 768 2691 unam
792 2646 981 2710 capram...
1001 2631 1111 2702 item..
1124 2677 1151 2691 ..
1172 2631 1266 2704 uilia,

201 2735 298 2796 uxori
313 2735 479 2798 duillelmi
502 2736 603 2798 Grani
614 2782 638 2812 ,.
651 2782 680 2798 ..
700 2735 863 2813 quoddam
879 2734 1072 2808 daffonsum
1092 2734 1165 2796 loeo
1180 2735 1266 2798 dieto

200 2845 244 2902 ad
258 2845 462 2918 misenum,
480 2842 566 2921 quod
592 2842 824 2905 controniatur
842 2845 940 2919 juxta
964 2841 1149 2903 deffensum
1164 2842 1265 2904 here·

199 2947 274 3009 dum
289 2948 446 3010 Anthonii
467 2949 619 3012 Morandi
633 2953 667 3011 el
678 2953 775 3028 juxta
790 2948 973 3010 dellensum
989 2948 1094 3026 ipsius
1110 2948 1221 3011 uillie.
1235 2997 1240 3012 .
1255 2995 1261 3010 .

199 3055 350 3132 Item...
376 3057 542 3131 Durando,
572 3056 640 3118 lilio
664 3057 799 3118 Vissoni
826 3054 1001 3134 arnulphi,
1026 3055 1104 3116 dicti
1128 3055 1265 3130 loci...

200 3179 259 3224 sex
270 3179 456 3240 grossos...
475 3165 514 3225 Et
527 3164 603 3241 quia
622 3161 757 3225 heredis
782 3161 943 3224 institutio
964 3163 1014 3223 est
1029 3163 1127 3240 eaput
1147 3165 1180 3224 et
1194 3162 1269 3224 iun.

203 3267 391 3332 (lamentum
404 3271 505 3332 totius
527 3269 741 3342 testamenti..
751 3316 775 3331 ..
790 3267 913 3331 ideireo
941 3271 1123 3330 memoratu
1137 3268 1267 3329 Beatri-

204 3376 263 3450 sia,
279 3377 495 3452 testatrir,...
517 3376 658 3438 heredes
673 3376 882 3437 universales
901 3374 1058 3436 instituit.
1072 3421 1098 3435 ..
1120 3374 1270 3436 dominas

204 3483 364 3545 moniales
393 3483 433 3546 de
460 3483 575 3544 ordine
590 3482 842 3544 etmonasterio
867 3481 1036 3555 Bertaudi,
1052 3480 1271 3559 vapincensis

208 3587 371 3667 dyocesis
397 3589 485 3651 solas
516 3591 549 3650 et
572 3586 750 3666 quamlibet
776 3588 923 3666 ipsarum
1006 3589 1054 3648 De
1082 3586 1198 3665 quibus

208 3697 287 3758 Aeta
315 3699 350 3758 el
376 3695 546 3776 publicata
574 3695 708 3756 suerunt
732 3694 795 3756 hee
826 3693 912 3772 apud
936 3695 1155 3770 Ventaonum‚
1182 3692 1271 3754 inira

209 3801 338 3864 domum
354 3803 443 3864 dicte
454 3801 645 3874 testatricis
662 3799 874 3880 presentibus
893 3800 1096 3862 :Bertrando
1118 3799 1159 3862 de
1173 3799 1268 3878 Alpe,

208 3907 357 3970 Johanne
388 3907 429 3969 de
455 3909 550 3988 Alpe,
577 3905 646 3968 filio
671 3906 851 3980 Francisei,
870 3909 904 3967 et
930 3905 1083 3968 iohanne
1106 3906 1147 3967 de
1172 3905 1268 3984 Alpe,

207 4013 394 4076 habitatore
424 4013 504 4078 dicti
543 4014 617 4088 loci,
655 4013 807 4074 iohanne
832 4012 1059 4086 lausserandi‚
1096 4011 1269 4074 Guillelmo

208 4111 422 4174 Jausserandi
442 4111 588 4191 juniore,
613 4110 765 4173 Johanne
784 4110 940 4184 Arneudi,
955 4110 1270 4172 JohanneBeneve-

208 4219 288 4294 nuti,
305 4218 469 4280 Anthonio
485 4218 614 4280 Truohe
635 4221 669 4280 et
688 4217 854 4278 Anthonio
878 4215 1015 4294 Aloysii,
1031 4216 1171 4278 testibus
1260 4235 1267 4290 ;

209 4328 241 4387 et
259 4341 311 4387 me
333 4325 499 4386 Anthonio
527 4324 685 4399 Autardi,
713 4323 842 4385 notario
858 4323 989 4402 publico
1016 4322 1056 4384 de
1081 4325 1267 4396 Ventaono,

208 4427 346 4494 diocesis
358 4430 587 4510 wapincensis,
614 4429 866 4493 auetoritatibus
895 4428 1061 4509 imperiali
1084 4431 1118 4490 et
1137 4425 1268 4507 dalphi-

208 4537 274 4599 nali
286 4537 477 4600 constituto.
490 4583 497 4598 .
510 4585 517 4599 .
532 4535 565 4618 †.

237 4668 248 4690 '
261 4668 332 4733 Orig.
345 4667 435 4733 purch.
453 4667 485 4718 de
499 4667 529 4718 63
548 4666 595 4733 lig.
611 4667 731 4732 Sipnum
745 4682 777 4717 en
799 4667 882 4721 forms
898 4666 930 4718 de
943 4667 1016 4717 carrd
1030 4666 1101 4732 long,
1115 4666 1217 4716 aeoostd
1232 4665 1265 4715 de

208 4755 232 4806 la
255 4755 388 4822 signatura
406 4755 441 4807 L.
468 4754 605 4808 Auturdi.
633 4757 673 4808 Au
687 4755 734 4807 dos
751 4755 809 4808 :De
828 4755 969 4809 Ventovon
986 4755 1050 4821 lxvi·
1067 4757 1108 4820 s0).
1128 4754 1211 4807 cote:
1230 4754 1263 4816 D,

210 4844 317 4910 ΒῊςΕ,
336 4846 401 4909 θὶς
418 4845 447 4908 F,
465 4844 518 4898 etl.
