3388 5616
593 749 635 796 nn
655 747 817 797 ararium
1178 731 1237 796 289

177 893 254 974 nali,
269 892 421 957 salutern.
443 897 591 974 Recepta
601 895 850 976 supplicacione
877 894 1041 974 priorisse
1065 897 1099 956 et
1116 894 1239 956 monia-

176 1001 254 1063 lium
265 1001 462 1064 monasterii
476 1002 591 1063 domus
605 1002 775 1079 Bertaudi,
794 1002 1007 1081 presentibus
1035 1018 1177 1074 annexa,
1206 1004 1241 1063 et

175 1107 279 1186 ipsius
295 1108 505 1170 considerato
518 1109 646 1182 tenore,
658 1107 752 1169 vobis
767 1111 800 1170 et
812 1111 959 1170 vestrum
973 1106 1108 1170 cuilibet
1122 1108 1156 1169 in
1167 1107 1241 1168 soli-

176 1213 264 1288 dum,
278 1214 397 1276 barum
416 1215 504 1276 serie
515 1215 732 1295 precipimus,
747 1215 987 1278 commictimus
999 1218 1032 1278 et
1047 1215 1241 1276 mandamus

176 1325 352 1398 quatenus,
368 1321 537 1400 requisitis
552 1322 652 1384 etiam
670 1321 888 1399 requirendis,
915 1338 996 1400 quos
1024 1338 1096 1395 nos,
1123 1325 1241 1382 tenore

175 1427 397 1506 presencium,
420 1428 633 1508 requirimus,
650 1429 781 1506 injuris
798 1428 993 1502 subsidium,
1022 1428 1050 1489 si
1077 1428 1120 1489 sit
1147 1443 1240 1506 opuS,

174 1534 208 1595 in
218 1535 524 1614 exeqncionemque
537 1535 745 1612 salvegardie
756 1537 789 1597 et
798 1535 1016 1615 protectionis
1029 1533 1240 1614 dalphinalis,

173 1644 240 1703 tam
256 1643 413 1722 specialis
428 1659 525 1721 quarn
537 1642 717 1720 generalis,
732 1641 767 1704 in
783 1659 848 1720 qua
863 1642 950 1704 dicte
965 1641 1136 1718 religiose,
1152 1643 1188 1703 ut
1210 1641 1242 1704 in

175 1749 261 1810 dicta
291 1753 432 1812 caretur
467 1749 729 1829 supplicacione,
760 1748 921 1824 existunt,
950 1748 1040 1828 ipsas
1069 1749 1243 1810 incorum

175 1855 282 1936 bonis,
296 1855 395 1918 rebus
406 1855 548 1934 etiustis
563 1855 839 1934 possessionibus,
854 1855 889 1916 in
904 1855 1023 1934 quibus
1037 1872 1095 1917 eas
1116 1871 1182 1917 non
1200 1854 1244 1929 vi,

177 1979 243 2024 non
258 1964 356 2042 clam,
372 1981 435 2026 nec
451 1963 605 2043 precario
620 1963 724 2026 luisse
739 1965 773 2024 et
788 1979 862 2024 esse
890 1962 1110 2043 reperieritis
1134 1978 1246 2024 manu·

179 2071 333 2146 teneatis
371 2070 554 2134 lubeamini
590 2073 623 2133 et
657 2069 868 2144 deffendatis,
906 2087 944 2131 ac
981 2069 1177 2132 custodiatis
1212 2072 1245 2131 et

176 2176 362 2255 protegatis
391 2177 432 2238 ab
468 2176 558 2239 omni
590 2177 647 2238 via
671 2175 764 2250 lacti,
796 2175 974 2252 violencia,
997 2175 1032 2237 vi
1059 2192 1245 2253 armorum,

177 2283 326 2362 potentia
342 2283 512 2362 laycorum
526 2283 648 2360 injuria
663 2284 792 2362 pariter
804 2285 838 2344 et
849 2282 988 2360 offensa,
1005 2285 1039 2345 et
1063 2282 1188 2345 eisdem
1210 2284 1244 2344 111

178 2389 385 2468 corporibus
401 2389 631 2468 familiaribus,
647 2390 718 2452 sive
743 2389 841 2451 bonis
869 2406 932 2468 per
955 2389 1142 2469 quempiam
1169 2407 1247 2468 quo·

179 2495 357 2558 modolibet
371 2494 518 2558 fienda...
536 2499 570 2557 et
593 2495 807 2572 generaliter,
827 2513 908 2558 voce
923 2495 1094 2576 preconia,
1107 2511 1199 2558 more
1214 2499 1247 2557 et

179 2603 259 2665 locis
274 2604 481 2682 opportunis,
499 2607 532 2664 et
556 2601 616 2664 sub
638 2602 868 2665 sormidalibus
893 2604 988 2682 penis
1016 2603 1105 2664 dom⁰
1131 2606 1245 2664 nostro

179 2709 339 2788 Delphino
372 2709 588 2789 applicandis
624 2726 666 2772 ne
696 2709 768 2787 quis
790 2709 886 2772 dictis
915 2709 1176 2788 supplicantibus
1210 2709 1244 2770 in

181 2815 387 2895 corporibus,
410 2817 538 2878 familia
573 2817 644 2878 sive
670 2816 775 2889 bonis,
800 2816 972 2879 offendere
999 2820 1055 2879 aut
1077 2815 1242 2893 injuriari,

179 2921 263 2986 lacto
279 2921 332 2986 vel
347 2923 460 2999 verbu,
479 2939 587 3002 perse
601 2922 726 3000 velper
739 2922 852 2998 alium,
868 2923 1060 2985 directevel
1071 2921 1245 2997 indirecte,

180 3033 236 3091 aut
251 3030 335 3092 alias
348 3031 573 3109 quovismodO,
589 3046 648 3092 seu
659 3029 747 3108 ipsas
762 3030 797 3090 in
816 3030 883 3091 suis
898 3030 997 3092 rebus
1021 3033 1055 3092 et
1068 3029 1247 3108 possessio·

180 3137 274 3199 nibus
309 3137 489 3200 molestare
526 3137 598 3198 sire
623 3136 810 3214 inquietare
832 3137 954 3200 audeat
977 3138 1028 3199 vel
1057 3139 1248 3216 presumat;

181 3244 396 3321 penuncellos
421 3260 560 3322 quoque,
586 3245 688 3306 armis
714 3244 958 3322 dalphinalibus
980 3245 1140 3323 depictos,
1153 3245 1188 3306 in
1216 3246 1249 3305 et

183 3367 282 3430 super
296 3351 366 3413 suis
380 3350 537 3428 predictis
551 3351 647 3412 bonis
662 3354 696 3413 et
723 3351 991 3430 possessionibus
1017 3351 1196 3430 assignatis
1217 3354 1249 3412 et

126 3437 132 3453 '
182 3457 318 3534 erigatis
332 3456 367 3518 in
382 3455 512 3533 signum
529 3457 745 3534 protectionis
761 3459 796 3518 et
808 3456 1048 3519 inbibicionum
1068 3455 1249 3534 jamdicta·

183 3580 268 3639 rum,
282 3581 322 3626 ac
336 3565 439 3627 eciam
454 3565 667 3640 removeatis,
681 3567 720 3640 si,
739 3569 838 3645 prout
851 3570 883 3628 et
898 3567 1040 3644 quando,
1071 3583 1131 3645 pro
1153 3563 1248 3644 parte

184 3671 347 3732 dictarum
359 3672 610 3750 supplicantium
628 3671 758 3734 fueritis
770 3673 924 3751 requisiti
935 3690 994 3736 seu
1006 3674 1249 3736 altervestrum

185 3777 284 3839 luerit
317 3779 513 3855 requisitus.
553 3779 593 3840 nt
624 3778 666 3840 de
699 3780 905 3858 exequcione
935 3781 1146 3860 presencium
1175 3775 1249 3842 lieri

186 3884 313 3948 faciatis
337 3887 387 3946 tot
404 3884 484 3962 quot
507 3885 632 3946 luerint
653 3887 848 3950 necessaria
868 3888 1000 3966 publica
1016 3887 1249 3960 instrumenta,

185 4007 226 4053 ne
260 3992 332 4069 quis
368 3992 597 4069 ignoranciam
632 3993 832 4072 pretendere
858 3995 971 4056 valeat
992 3994 1033 4057 de
1065 3992 1246 4072 premissis.

186 4101 301 4160 Datum
323 4098 556 4178 Gracionopoli
578 4100 632 4163 die
655 4117 720 4163 11111
742 4101 868 4163 mensis
878 4101 977 4181 jullii,
1012 4118 1098 4164 anno
1120 4099 1250 4163 Domini

187 4203 362 4264 millesimo
377 4205 492 4265 CCCC⁰
508 4205 761 4282 quadragesimo
775 4210 881 4268 sexto.

225 4312 291 4373 Per
314 4311 483 4373 dominum
503 4311 778 4387 Gubernatorem,
812 4313 853 4376 ad
882 4315 1086 4379 relacionem
1114 4313 1250 4376 Consilii

188 4434 250 4496 quo
265 4421 362 4480 erant
374 4418 498 4480 domini
510 4421 560 4482 lo.
576 4420 682 4482 Baiuli
698 4423 795 4484 etta.
816 4421 856 4484 de
870 4423 927 4484 Sto
945 4427 1123 4498 Germano,
1149 4421 1249 4483 advo·

189 4527 282 4588 catus
295 4525 418 4589 fiscalis
430 4525 649 4606 Delphinalis.

935 4611 1070 4674 Barnun

227 4737 321 4820 (Plus
337 4739 431 4820 111111)
446 4741 556 4804 Gratis
571 4757 631 4820 pro
646 4743 726 4804 Dec.
