3378 5608
615 725 659 775 mr
679 724 848 774 nrnraon.
1204 706 1263 774 247

198 872 299 936 tatur.
312 919 340 934 ..
365 888 439 934 cum
455 870 554 934 vinea
568 869 648 933 dicti
661 869 754 934 Petri
773 871 903 934 Dorche
919 874 965 933 et.
978 918 1005 934 ..
1037 887 1113 933 cum
1141 887 1259 951 campo

195 977 358 1058 arnulphi
385 978 518 1040 Solome
539 979 585 1040 et.
599 1025 625 1041 ..
641 994 715 1040 oum
739 978 839 1040 vinea
853 977 946 1041 Petri
968 977 1109 1040 Bossoni
1125 979 1185 1053 et„
1198 1024 1223 1040 ..
1243 995 1264 1040 a

197 1086 315 1166 capite,
347 1101 421 1147 cum
446 1086 544 1148 vinca
568 1085 648 1148 dicti
669 1085 816 1148 Anthoni
842 1086 1027 1150 Lunelli...
1068 1087 1151 1148 Item
1174 1086 1263 1166 plus,

198 1193 327 1270 lego...
348 1192 412 1254 duo
436 1193 577 1255 sestaria
589 1193 658 1254 vini
674 1193 846 1256 censualia
861 1196 894 1255 et
910 1193 992 1256 duos
1007 1191 1165 1256 denarios
1179 1192 1266 1254 bone

198 1305 330 1364 monete
345 1301 386 1362 de
401 1299 555 1374 servicio,
572 1302 699 1378 quoset
712 1316 776 1378 que
791 1300 941 1381 percipio
953 1316 1055 1380 super
1069 1299 1266 1378 quibusdam

197 1409 295 1470 vinea
310 1411 345 1470 et
359 1411 452 1470 terra
467 1407 564 1470 simul
578 1407 756 1484 contiguis,
774 1407 846 1468 sitis
869 1408 904 1469 in
927 1407 1097 1470 territorio
1113 1405 1266 1487 Vapinci,

197 1515 417 1578 ubidicitura
434 1519 698 1588 Gdandauoellt3
721 1515 1014 1577 commntantur...
1032 1532 1106 1577 cum
1129 1513 1270 1592 quadam

198 1625 290 1684 terra
315 1621 432 1684 Jacobi
457 1620 564 1696 Alisii,
581 1621 663 1683 alias
684 1622 836 1704 Peytral,
852 1625 900 1684 et.
913 1667 939 1682 ..
969 1639 1043 1683 cum
1063 1620 1157 1683 terra
1179 1620 1270 1682 Guil-

198 1729 286 1792 lelmi
302 1728 403 1804 Rulli,
419 1728 502 1790 alias
529 1730 653 1807 Raotel,
668 1731 716 1794 et.
729 1775 756 1792 ..
779 1745 852 1790 cum
868 1728 1008 1808 quadam
1031 1729 1087 1790 via
1110 1728 1244 1809 publica
1259 1727 1273 1785 ἕ

198 1853 337 1915 quas...
370 1838 463 1898 tenet
503 1834 690 1896 anthonius
719 1836 913 1914 (lastapani,
940 1835 1023 1896 alias
1049 1839 1192 1908 Merme,
1228 1836 1269 1898 de

198 1943 359 2024 Vapinco.
376 1945 457 2005 ltem
473 1941 558 2022 plus,
576 1942 650 2020 lego
741 1939 805 2003 duo
831 1942 972 2004 sestaria
992 1944 1026 2004 et
1042 1943 1186 2004 eminam
1200 1943 1270 2005 vini

198 2054 232 2114 ot
256 2067 358 2114 unam
379 2049 523 2112 eminam
538 2047 647 2111 civate
673 2049 861 2126 censuales,
889 2051 924 2110 et
952 2051 1094 2128 quatuor
1114 2048 1269 2112 denarios

196 2159 282 2221 bone
296 2159 431 2219 monete
446 2157 487 2218 de
497 2155 652 2231 servicio,
665 2173 740 2234 que,
753 2173 834 2234 quos
850 2160 885 2217 et
895 2173 992 2234 quam
1004 2155 1154 2236 percipio
1168 2172 1269 2235 super

198 2264 340 2343 quodam
356 2267 461 2344 prato,
481 2263 598 2328 sito...
620 2265 693 2326 loco
723 2262 810 2325 dicto
838 2265 942 2326 Retro
964 2264 1142 2326 Castellum
1160 2283 1167 2338 ;
1188 2279 1270 2325 oon-

198 2373 360 2435 lrontato.
372 2419 399 2434 ..
429 2387 503 2432 cum
527 2370 599 2434 rivo
620 2372 720 2432 Torto
736 2373 782 2433 et.
796 2417 823 2432 ..
844 2385 919 2431 cum
935 2371 1032 2448 prato
1058 2368 1161 2431 dotali
1175 2371 1266 2432 Petri

200 2479 346 2554 Orsorie,
363 2477 550 2554 ioreslerii;
580 2477 666 2558 quod
682 2481 829 2560 pratum.
842 2523 870 2540 ..
896 2479 990 2540 tenet
1016 2477 1122 2540 dictus
1148 2479 1268 2540 Petrus

200 2587 346 2662 Orserie,
360 2587 555 2650 forestarius
566 2585 615 2668 (⁸).
630 2589 711 2648 ltem
727 2586 813 2667 plus,
825 2586 916 2663 lego.
930 2633 957 2648 ..
978 2585 1140 2648 directum
1169 2585 1269 2648 domi-

199 2695 290 2760 nium
315 2695 350 2759 et
377 2694 566 2758 senhoriam
591 2710 750 2756 censuum
791 2696 826 2756 et
851 2692 1071 2756 serviciorum
1100 2692 1268 2773 predicto-

198 2822 272 2867 rum
300 2807 335 2867 et
375 2801 596 2865 omnimodam
632 2801 903 2880 jurisdictionem
944 2801 1077 2880 quoad
1107 2790 1269 2863 directum

199 2909 381 2974 dominium
396 2909 563 2990 pertinent
572 2912 605 2971 et
614 2911 777 2987 spectant.
794 2911 876 2971 Item
888 2908 973 2988 plus,
983 2909 1057 2986 lego
1073 2907 1270 2970 dominabus

198 3018 398 3082 monialibus
438 3019 473 3078 et
513 3015 654 3078 dominis
696 3015 902 3095 cappellanis
943 3015 1048 3096 ipsius
1088 3019 1269 3078 conventus

198 3125 397 3188 monasterii
412 3124 453 3187 de
466 3123 644 3199 Bertaudo,
659 3122 816 3185 videlicet
837 3123 973 3184 cuilibet
986 3139 1087 3185 unum
1106 3124 1269 3187 florenum

200 3233 273 3296 auri
297 3231 401 3294 semel
428 3233 557 3292 tantum
587 3229 712 3292 eisdem
742 3229 938 3291 solvendum
953 3228 1042 3292 inira
1056 3245 1178 3292 annum
1194 3233 1270 3310 post

200 3339 324 3403 obitum
353 3354 471 3412 meum,
509 3353 631 3414 rogans
671 3335 762 3416 ipsos
792 3335 944 3398 dominos
977 3335 1204 3416 cappellauos,
1232 3341 1269 3402 ut

199 3447 319 3510 missas
334 3445 519 3521 celebrent,
540 3447 574 3506 et
593 3443 698 3506 dictas
723 3459 871 3518 sorores,
901 3444 1035 3506 domino
1055 3446 1124 3506 Deo
1153 3448 1267 3507 nostro

199 3554 304 3618 Jbesu
324 3551 444 3632 Xpisto
463 3566 582 3632 preces
606 3550 788 3627 effundant,
805 3567 866 3630 pro
889 3552 997 3613 salute
1013 3550 1123 3614 anime
1140 3568 1214 3614 mee
1230 3569 1269 3614 ac

200 3663 377 3743 parentum
406 3661 439 3722 et
463 3657 714 3721 benefactorum
742 3673 904 3721 meorum.
936 3658 1039 3740 [ltem‚
1059 3662 1092 3721 et
1117 3658 1269 3721 obmissis

202 3767 398 3849 quibusdam
420 3765 493 3829 aliis
517 3764 676 3828 clausulis
699 3767 733 3828 et
748 3765 894 3843 legatis„
908 3811 934 3826 ..
962 3764 1113 3844 sequitur
1126 3765 1268 3844 quedam

203 3875 269 3938 alia
283 3874 433 3937 clausula
445 3876 587 3952 tangens
598 3872 720 3935 dictum
735 3872 988 3936 monasterium.
998 3919 1021 3936 ..
1039 3875 1080 3935 de
1090 3873 1267 3949 Bertaudo,

203 3983 264 4046 sub
289 3981 354 4044 hiis
368 3978 492 4059 verbis]
505 3979 553 4061 (¹).
563 3982 645 4042 Item
659 3981 745 4055 volo,
753 3980 865 4058 jubeo,
883 3979 1000 4042 ordino
1016 3983 1118 4058 atque
1133 3981 1266 4057 mando,

204 4091 302 4169 quod,
323 4105 362 4151 eo
377 4105 457 4151 casu
472 4105 535 4166 quo
556 4087 818 4163 diotaYsoarda,
834 4087 935 4151 heres
951 4105 1025 4151 moa
1039 4087 1270 4168 infrascripta,

204 4195 452 4260 matrimonium
467 4195 692 4270 contraheret,
707 4198 783 4276 post
807 4199 950 4259 mortem
975 4213 1095 4274 meam,
1116 4197 1170 4259 vol
1185 4195 1269 4260 alias

205 4304 381 4367 inhoneste
395 4303 533 4378 viveret,
557 4303 643 4382 quod
659 4302 807 4383 predicta
823 4303 934 4365 omnia
945 4303 1032 4365 bona
1046 4319 1131 4379 mea,
1148 4317 1269 4382 excep·

206 4412 249 4474 tis
259 4411 380 4490 legatis
388 4427 489 4490 supra
503 4427 564 4489 per
578 4427 631 4472 me
645 4409 924 4490 lactis,dispositis
941 4413 975 4472 et
991 4409 1163 4486 ordinatis,
1169 4409 1268 4490 pleno

201 4521 290 4598 June,
311 4517 489 4580 deveniant
511 4520 544 4579 et
564 4517 773 4596 perveniant,
798 4517 922 4596 absque
938 4517 1136 4580 deductione
1158 4521 1270 4595 cujus-

209 4641 350 4704 cumque
371 4623 516 4686 Falcidie
532 4624 586 4686 vel
609 4624 865 4698 Trebellianice,
891 4641 1004 4687 amore
1022 4624 1081 4685 Dei
1097 4627 1131 4686 et
1151 4623 1271 4685 intuitu

210 4733 344 4814 pietatis
360 4735 393 4795 et
408 4729 635 4794 misericordie
650 4735 683 4794 et
695 4731 735 4793 ob
746 4732 806 4794 Dei
817 4731 1052 4804 reverentiam,
1062 4735 1095 4794 et
1105 4733 1139 4792 ut
1153 4747 1272 4810 preces

211 4858 287 4903 suas
303 4857 364 4921 pro
380 4857 433 4902 me
448 4843 481 4902 et
495 4839 685 4918 parentibus
700 4838 783 4901 meis
796 4839 979 4914 effundant,
992 4856 1031 4902 ac
1047 4838 1145 4901 etiam
1162 4842 1270 4913 orent,
