3378 5608
588 713 632 766 DE
652 713 815 766 obsutus.
870 703 873 708 Α
1174 700 1233 764 273

174 861 291 926 nobilis
306 864 341 926 et
361 862 595 944 circumspecti
609 863 673 924 viri
691 860 775 924 dom'
789 861 975 940 Raymundi
990 859 1121 937 Sabine,
1134 860 1236 939 juris·

81 1047 84 1054 ⁴
173 971 282 1051 periti,
299 973 333 1032 et
344 969 497 1047 magistri
510 969 672 1032 Johaunis
687 967 861 1048 Moynorii,
878 967 1001 1030 notarii
1017 968 1057 1030 de
1072 967 1232 1046 Vapinco,

181 1125 224 1138 ...
244 1077 434 1140 testium...
458 1097 465 1151 ;
481 1079 515 1140 et
535 1076 601 1140 mei
616 1075 785 1140 Francisci
800 1077 841 1138 de
854 1077 976 1150 Tanco,
992 1075 1033 1137 de
1047 1073 1234 1152 salargiis,

172 1185 300 1248 Iliensis
312 1185 464 1258 diocesis,
487 1183 684 1246 habitatoris
699 1183 853 1263 Vapinci,
876 1182 998 1263 publici
1023 1181 1145 1244 notarii
1160 1197 1235 1244 auc-

173 1292 305 1357 toritate
318 1291 485 1371 imperiali
499 1291 636 1354 ubilibet
647 1291 831 1354 constituti.
845 1339 871 1356 ..
893 1289 926 1370 †.

206 1451 306 1516 'Or-ig.
320 1452 411 1516 parch.
432 1450 464 1500 de
481 1450 511 1499 67
530 1449 575 1515 lig.
600 1451 719 1514 Sipnum
736 1465 769 1499 cu
792 1409 876 1500 forme
900 1449 931 1498 dc
945 1447 1015 1498 croix
1032 1450 1084 1498 tres
1101 1447 1179 1498 crudo
1193 1461 1238 1496 sur
1298 1441 1299 1444 ’

177 1557 210 1592 uu
223 1540 318 1593 double
334 1539 436 1606 gradiri.
453 1539 534 1592 cote:
553 1539 583 1602 B,
599 1539 665 1604 †st
678 1541 772 1589 dimite
786 1539 864 1589 nobis
879 1554 885 1601 ;
904 1537 933 1600 C,
945 1537 993 1601 21;
1010 1537 1043 1600 E,
1053 1537 1100 1588 415
1115 1553 1121 1600 ;
1138 1535 1167 1600 F,
1179 1535 1235 1586 sol.

215 1791 318 1855 258.
741 1793 826 1868 Gap,
841 1788 1197 1852 15oooemore1406.

176 1933 310 2010 Cenum
348 1947 427 2006 sivs
465 1945 723 2006 sxoosrumrio
754 1945 1023 2004 succensionis
1056 1927 1239 2002 Bsnrrum

253 2083 435 2140 iniussus
449 2081 696 2145 consecrensn
718 2080 939 2148 oulnonoln
954 2079 1161 2136 oscinlson

598 2215 771 2272 errimus
786 2197 819 2270 *.

199 2351 221 2398 n
247 2335 383 2398 nomine
406 2335 548 2409 Domini,
579 2351 686 2398 amen.
704 2337 797 2396 Anno
824 2334 1068 2396 incarnationis
1094 2333 1243 2412 eJusdem

179 2353 198 2500 Ι
220 2441 397 2504 millesimo
414 2424 709 2520 quatricedtesimo
731 2444 836 2519 sexto,
849 2443 884 2503 et
910 2440 964 2502 dio
983 2440 1111 2503 decima
1127 2440 1243 2518 quinta

180 2549 303 2611 mensis
326 2548 525 2612 novembris.
556 2549 716 2611 Noverint
730 2548 932 2610 universi...
957 2547 1054 2627 quod,
1082 2548 1243 2610 constitu·

180 2658 231 2717 tus
246 2658 281 2717 et
301 2655 527 2736 personaliter
553 2655 701 2717 existens
729 2671 838 2717 coram
852 2653 1038 2716 venerabili
1063 2657 1097 2717 et
1116 2669 1244 2731 ,magne

182 2762 487 2842 circumspectionis
502 2763 575 2826 viro
591 2763 677 2824 dom⁰
691 2762 836 2824 Alziario
852 2761 893 2824 de
909 2764 1029 2825 Sancta
1041 2761 1158 2841 Maria,
1173 2761 1246 2824 sub-

182 2869 361 2932 colleotore
387 2869 579 2948 apostolico,
596 2867 795 2930 venerabilis
825 2871 858 2930 et
879 2868 1055 2960 religiosus
1079 2868 1131 2930 vir
1158 2868 1245 2930 dom*

182 2976 356 3038 Durandus
371 2975 504 3050 Ricolti,
520 2975 703 3038 monachus
723 2975 847 3036 ordinis
867 2975 1090 3054 Gartusensis,
1107 2973 1145 3038 ut
1166 2992 1245 3055 pro-

184 3085 356 3144 curator...
372 3083 566 3146 monasterii
582 3082 622 3144 de
634 3081 814 3156 Bertaudo‚
831 3083 957 3146 ordinis
967 3082 1248 3162 predictiseidem

185 3188 273 3251 dom⁰
283 3189 517 3252 subcolleotori
531 3189 710 3268 apostolico
723 3189 874 3252 exhibuit
884 3193 918 3252 et
931 3190 1139 3269 presentavit
1149 3206 1248 3267 quan-

185 3295 259 3358 dam
271 3296 381 3376 papiri
392 3295 804 3376 cedulamscriptam,iuss
812 3297 1067 3377 appellationem
1078 3295 1251 3360 contineo·

183 3405 260 3478 tem,
291 3420 388 3480 quam
411 3403 478 3480 legi
503 3407 537 3464 et
564 3403 726 3482 publicari
753 3403 866 3483 peciit,
883 3421 994 3467 coram
1021 3404 1136 3468 eodem
1159 3403 1249 3466 dom⁰

185 3510 438 3583 subcolleotore,
456 3526 516 3588 per
530 3525 593 3584 me;
610 3509 776 3571 notarium
798 3510 1057 3590 infrascriptum,
1074 3510 1202 3574 dicens.
1215 3557 1243 3574 ..

186 3619 218 3678 ct
233 3617 418 3696 appellans
442 3663 487 3678 ...
507 3616 783 3695 quemadmodum
798 3616 832 3676 in
857 3615 943 3678 dicta
967 3618 1084 3680 cedula
1099 3617 1251 3680 contine·
1306 3693 1308 3698 Ι

187 3726 252 3785 tur.
278 3725 379 3799 Cujus
407 3722 537 3800 quidem
553 3723 661 3802 papiri
676 3722 793 3784 cedule
806 3726 915 3786 tenor.
929 3771 934 3783 .
949 3769 955 3783 .
976 3727 1028 3785 ast
1043 3723 1133 3786 talis.
1146 3769 1153 3785 .
1166 3741 1190 3786 .:

226 3843 262 3902 In
277 3839 381 3902 vostri
404 3838 605 3901 venerabilis
626 3841 660 3901 et
674 3840 909 3920 circumspecti
924 3840 988 3900 viri
1007 3839 1092 3902 dom¹
1117 3840 1252 3904 dlziarii

188 3949 229 4012 de
245 3950 368 4010 Sancta
383 3947 500 4020 Maria,
513 3945 761 4009 subcolleotoris
778 3947 963 4025 apostolici,
978 3947 1154 4028 presencia
1168 3949 1253 4010 exis-

189 4059 262 4116 tens
286 4053 390 4116 donus
418 4053 593 4114 Durandus
619 4052 751 4126 Ricolti,
781 4052 961 4115 monachus
988 4053 1112 4116 ordinis
1141 4054 1254 4115 Certu-

191 4160 312 4224 siencis
346 4176 385 4222 ao
413 4163 678 4239 procurator
722 4161 917 4221 monasterii
948 4161 988 4222 de
1016 4161 1208 4234 Bortaudo„
1222 4209 1249 4224 ..

193 4267 382 4346 dicitquod,
402 4267 482 4329 licet
493 4268 696 4328 monasteria
711 4267 983 4341 cartusiensium,
1002 4284 1064 4347 per
1077 4267 1255 4348 privilegia

193 4373 386 4454 apostolica,
400 4373 505 4434 libera
530 4374 676 4435 existant
714 4391 733 4435 a
771 4391 967 4452 quacunque
995 4375 1200 4453 prestatione
1223 4379 1257 4436 et

194 4480 358 4544 solutione
374 4479 585 4554 decimarum,
602 4481 1010 4558 talharum‚collectarum,
1025 4481 1254 4556 subsidiorum,

195 4585 430 4650 exhactionum
462 4588 497 4647 et
536 4585 791 4664 impositionum,
835 4604 1031 4666 quacunque
1060 4587 1258 4651 auctoritate

194 4690 423 4772 impositurum
452 4695 486 4754 et
525 4693 801 4773 imponendarum
836 4698 870 4756 et
907 4712 1101 4774 quocunque
1127 4695 1260 4758 nomine

195 4803 437 4880 nuncupentur,
468 4801 502 4862 ct
516 4801 602 4878 quod
618 4801 773 4896 compelli
789 4819 854 4864 non
877 4803 1005 4881 possint
1019 4821 1038 4865 a
1065 4819 1260 4881 quacunque

1143 4939 1179 4998 18
