3378 5608
635 712 677 760 nu
698 709 859 759 eenrnun.
1220 699 1279 758 235

218 861 340 932 mento,
378 857 501 936 scripto
544 873 641 918 manu
678 855 828 934 magistri
863 855 1048 934 Raymundi
1083 857 1276 932 Genevesii,

217 965 338 1026 notarii
361 965 494 1044 publici,
520 963 651 1044 plenius
677 963 882 1038 continetur;
911 966 1050 1042 excepto
1068 963 1211 1042 capitulo
1237 964 1279 1026 de

217 1071 427 1133 mandataria
453 1073 487 1133 ot
510 1071 673 1133 servitute
700 1073 782 1148 ejus,
807 1070 848 1131 ad
871 1071 956 1148 quod
980 1085 1045 1131 non
1071 1072 1216 1144 tenetur,
1240 1086 1278 1132 eo

217 1177 313 1256 quod,
330 1176 510 1250 annuatim,
526 1176 560 1236 in
576 1176 659 1238 festo
675 1175 866 1255 supradicto
882 1176 988 1238 sancti
1015 1175 1152 1251 iuliani,
1180 1175 1279 1238 solvit

217 1287 250 1346 et
267 1283 398 1345 solvere
411 1285 544 1344 tenetur
562 1283 648 1343 dioto
666 1283 807 1356 domino,
824 1299 883 1360 pro
899 1282 1095 1344 remissione
1120 1285 1153 1343 et
1166 1283 1280 1344 immu-

217 1391 318 1452 nitate
334 1389 422 1453 dicle
448 1389 653 1451 mandatarie
674 1406 693 1450 a
709 1388 865 1468 quolibet,
882 1387 915 1452 et
930 1389 1093 1451 immunus
1108 1392 1170 1463 est,
1187 1389 1279 1451 vide-

216 1497 294 1584 licet
315 1513 416 1558 unum
433 1496 607 1558 sestarium
624 1512 755 1557 annone
771 1495 841 1556 sive
865 1495 1035 1572 formenti,
1051 1499 1149 1574 pacto
1164 1495 1277 1558 habito

286 1603 495 1666 interdictos
520 1602 687 1664 dominum
712 1605 744 1664 et
762 1603 1019 1665 Clementem...
1037 1605 1085 1677 lit,
1112 1602 1188 1682 post
1207 1606 1278 1681 eJus

216 1709 370 1785 mortem,
388 1710 416 1772 si
431 1710 516 1772 lilios
533 1726 576 1772 ex
588 1727 627 1772 eo
641 1713 674 1772 et
690 1725 830 1788 corpore
841 1713 912 1788 ejus
923 1709 1069 1787 legitime
1082 1713 1277 1790 procreatos

214 1816 357 1879 heredes
375 1815 507 1894 babeat,
522 1816 600 1878 dicti
616 1815 674 1876 illii
696 1819 729 1877 et
751 1815 893 1878 heredes
909 1815 1087 1878 addictum
1103 1815 1277 1878 sestarium

216 1939 331 1986 anone
358 1921 626 2003 persolvendum,
649 1921 832 1994 aunuatim,
850 1925 887 1984 ut
911 1939 1023 2001 supra,
1038 1922 1104 1984 sint
1125 1920 1276 1998 astricti;

215 2034 249 2092 et
273 2030 352 2091 dicti
378 2033 449 2108 ejus
465 2029 535 2101 lilii,
554 2029 628 2090 dum
645 2028 859 2091 stabilitatem
874 2033 908 2091 et
922 2029 1127 2092 mansionem
1142 2031 1279 2091 teneant

215 2135 450 2210 communiter,
485 2134 584 2197 etiam
613 2137 725 2214 plures
756 2138 878 2210 essent,
894 2137 933 2198 ad
962 2137 1068 2198 solum
1102 2136 1277 2198 sestarium

213 2241 524 2321 persolvendum...
556 2242 646 2303 Etsi
677 2241 756 2303 dicti
781 2239 850 2315 lilii,
877 2259 938 2322 per
965 2241 1142 2305 divisiones
1168 2245 1276 2304 status

214 2363 341 2422 eorum,
372 2348 550 2428 hospitium
576 2347 713 2426 quilibet
736 2350 859 2422 teneat,
888 2351 1046 2427 quotquot
1071 2348 1207 2424 suerint,
1234 2349 1275 2410 ad

220 2454 343 2516 dictam
355 2455 547 2516 servitutem
565 2454 697 2516 omnino
709 2457 888 2516 teneantur
900 2472 907 2526 ;
921 2457 954 2516 et
969 2455 1009 2516 ad
1019 2453 1277 2534 dictampensio-

216 2575 293 2621 nem
308 2560 565 2640 persolvendam
581 2577 642 2640 per
657 2560 781 2622 dictum
793 2560 958 2622 dominum
972 2561 1099 2640 possint
1116 2560 1275 2640 compelli

214 2671 251 2728 ut
266 2670 418 2745 potuerat
430 2669 502 2747 ipse
522 2667 685 2730 Clemens.
703 2667 738 2728 Si
757 2684 837 2729 vero
852 2683 895 2729 ex
910 2684 949 2729 eo
966 2667 1112 2744 quilibet,
1130 2667 1274 2730 heredes

222 2771 345 2834 semine
361 2773 413 2836 vel
428 2773 496 2835 filie
513 2773 754 2852 superveniant
768 2776 801 2835 el
828 2773 933 2834 eidem
950 2774 1139 2848 succedant,
1155 2775 1195 2836 ad
1209 2773 1280 2836 dic-

221 2881 289 2941 tum
303 2879 474 2941 servitium
498 2896 556 2942 seu
582 2879 777 2942 servitutem
797 2880 1049 2958 persolvendam
1062 2879 1198 2942 minime
1213 2880 1279 2942 sint

218 2985 365 3059 astricte,
379 2989 413 3048 et
428 3003 490 3048 nec
502 2986 543 3048 ad
557 3003 597 3048 ea
610 2987 798 3048 nullatenus
820 2989 1006 3060 teneantur,
1022 3003 1084 3048 neo
1097 2988 1184 3048 bona
1206 2990 1277 3065 ejus

219 3109 279 3155 seu
294 3091 456 3154 heredum
473 3092 747 3171 predictorum,et
763 3092 897 3154 minime
910 3110 996 3154 uxor
1009 3096 1091 3171 ejus,
1107 3110 1169 3155 neo
1180 3094 1279 3156 etiam

222 3201 295 3274 ejus
330 3198 417 3259 bona
440 3197 481 3258 ad
504 3197 537 3260 id
554 3215 615 3278 per
636 3199 758 3261 dictum
775 3199 915 3261 nobilem
938 3199 1136 3261 Ludovicum
1152 3201 1281 3279 possint
1336 3233 1339 3238 ι

218 3305 304 3383 cogi.
326 3307 417 3378 Item,
437 3306 631 3381 recognovit
647 3307 735 3367 dicto
749 3305 854 3367 nobili
880 3322 979 3368 unam
1004 3307 1133 3368 domum
1148 3307 1182 3367 in
1206 3308 1280 3369 loco

219 3411 396 3488 Ventaoni,
408 3413 504 3489 Juxta
521 3410 651 3472 domum
664 3411 832 3488 Pelegrini
848 3411 999 3474 (lauterii
1013 3415 1046 3474 et
1057 3415 1157 3489 juxta
1171 3413 1280 3474 menia

220 3517 298 3579 dicti
312 3517 388 3590 loci,
413 3533 472 3595 pro
497 3533 558 3595 qua
576 3517 669 3580 facit.
683 3565 709 3580 ..
730 3518 898 3580 annuatim
921 3521 1049 3598 septem
1065 3519 1217 3580 denarios
1240 3518 1281 3580 dc

217 3622 414 3684 servicio...
443 3625 538 3697 Item,
570 3640 667 3685 unam
694 3627 819 3686 terram
848 3625 882 3685 in
911 3625 1079 3686 territorio
1105 3624 1278 3694 Ventaoni,

219 3729 291 3790 loco
308 3727 395 3790 dicto
412 3733 622 3806 uolpionem
645 3734 817 3804 Bonnonz',
839 3733 935 3808 juxta
960 3733 1084 3792 terram
1106 3730 1281 3792 Bertrandi

217 3835 340 3908 Pontii,
353 3839 448 3914 juxta
462 3836 549 3897 viam
566 3835 741 3915 publicam,
760 3853 820 3916 pro
844 3853 909 3914 qua
924 3837 1004 3899 lacit
1027 3838 1167 3916 laysiam
1192 3838 1280 3899 dicto

218 3940 350 4002 domino
366 3944 399 4002 et
412 3941 493 4002 duos
509 3941 664 4002 denarios
679 3942 720 4003 de
736 3941 1086 4015 servitio.ltem,unum
1099 3945 1279 4022 pratum...

218 4048 290 4109 loco
316 4047 404 4108 dicto
420 4051 457 4108 tn
473 4051 677 4121 Brtsdonra,
691 4051 789 4125 juxta
805 4049 1026 4128 Brisdoyrem,
1040 4052 1073 4111 et
1083 4052 1179 4126 juxta
1195 4049 1280 4110 viam

218 4153 395 4232 publicam,
408 4169 468 4232 pro
488 4170 552 4230 qua
567 4153 658 4215 lacit.
672 4199 697 4216 ..
717 4153 847 4215 obolum
862 4153 903 4216 de
916 4154 1069 4230 servici0,
1081 4157 1114 4216 et
1128 4155 1279 4233 laysiam,

219 4259 246 4320 si
261 4263 483 4337 romperetur.
500 4262 595 4333 Item,
609 4275 706 4320 unam
725 4264 850 4322 terram
866 4261 898 4321 in
915 4261 1002 4322 dicto
1017 4261 1195 4334 territorio,
1210 4262 1281 4322 loco

219 4365 306 4427 dicto
332 4369 377 4428 ad
393 4367 558 4427 sunctum
577 4368 745 4439 Arietem,
767 4369 864 4443 juxta
881 4371 1005 4428 terram
1023 4365 1105 4428 domi
1120 4367 1281 4428 Lantelmi

220 4470 353 4548 Crigne,
381 4474 414 4532 et
436 4474 531 4548 Juxta
559 4474 683 4532 terram
710 4472 833 4533 domini
858 4473 1019 4534 l'enlaoni
1044 4473 1196 4551 predicti,
1219 4489 1280 4551 pro

220 4593 283 4653 qua
300 4577 380 4639 facit
395 4579 535 4656 laysiam
549 4577 636 4640 dicto
653 4578 784 4640 domino
799 4581 831 4640 et
846 4579 928 4640 duos
942 4577 1095 4641 denarios
1113 4579 1153 4642 dc
1175 4579 1280 4641 servi-

219 4681 264 4742 tio
280 4684 314 4742 et
338 4683 547 4744 medietatem
569 4683 769 4746 venationis
787 4687 880 4759 Item,
903 4701 1004 4745 unum
1028 4685 1275 4758 deffensum,...

219 4787 290 4849 loco
317 4788 406 4852 dicto
423 4793 460 4851 in
474 4793 637 4864 BricouO,
659 4793 756 4868 juxta
779 4791 950 4854 defensum
975 4789 1139 4853 Guillelmi
1153 4791 1277 4868 Leveti,

219 4896 252 4954 et
282 4895 378 4971 juxta
407 4887 590 4958 deffensum
626 4896 739 4958 Jacobi
772 4896 889 4970 Arditi,
925 4913 985 4976 pro
1020 4914 1084 4974 quo
1117 4897 1272 4962 servit...
