3378 5608
473 688 532 749 246
853 700 997 751 cnunrns
1018 700 1060 748 nn
1081 701 1162 748 run.

475 845 554 908 libet
569 844 734 920 suboriri,
751 845 800 907 sic
815 861 944 908 mecum
966 844 1064 920 facio,
1082 844 1198 918 condo,
1217 842 1335 905 ordino
1350 846 1384 905 et
1399 843 1536 922 dispono

474 969 582 1015 meum
612 953 763 1014 ultimum
797 955 1033 1016 testamentum
1075 951 1335 1032 nuncupativum
1363 954 1397 1014 et
1428 967 1536 1013 meam

472 1060 621 1122 ultimam
636 1060 841 1122 voluntatem
866 1060 1136 1140 nuncupativam,
1153 1059 1187 1122 et
1212 1060 1374 1121 bonorum
1387 1075 1537 1120 meorum

474 1184 513 1230 ac
522 1167 650 1244 jurium
667 1183 816 1229 meorum
832 1168 1076 1230 ordinationem
1100 1172 1135 1232 et
1158 1167 1407 1248 dispositionem
1422 1185 1429 1242 ;
1447 1171 1480 1230 et
1496 1167 1538 1229 de

471 1291 535 1348 me,
552 1273 658 1350 honis,
685 1273 784 1336 rebus
808 1278 842 1337 et
863 1275 995 1352 Juribus
1020 1277 1102 1337 meis
1130 1275 1246 1337 ordino
1274 1277 1307 1336 et
1323 1273 1474 1354 dispono,
1502 1274 1538 1335 in

472 1380 604 1444 modum
627 1381 681 1460 qui
706 1382 855 1464 sequitur
870 1381 1134 1462 infrascriptum.
1154 1385 1190 1442 ln
1216 1381 1342 1460 primis,
1360 1380 1535 1458 siquidem,

471 1488 631 1552 comendo
656 1487 800 1551 animam
829 1506 937 1552 meam
966 1493 1000 1551 et
1023 1506 1144 1569 corpus
1171 1505 1280 1551 meum
1309 1487 1441 1549 domino
1468 1489 1538 1548 Deo

471 1597 584 1657 nostro
600 1595 703 1658 Jhesu
729 1595 850 1675 Xpisto
879 1599 913 1658 et
936 1595 1176 1673 gloriosissime
1194 1610 1391 1674 semperque
1414 1593 1538 1672 virgini

470 1701 585 1777 Marte,
599 1701 669 1784 ejus
679 1703 788 1782 matri,
803 1701 930 1781 totique
942 1702 1083 1780 collegio
1099 1702 1272 1764 celestium
1288 1717 1511 1781 supernorum
1529 1719 1537 1777 ;

470 1809 597 1888 eligens
613 1810 747 1890 corpori
773 1811 1089 1890 meosepulturam,
1120 1809 1250 1888 quando
1278 1808 1389 1871 divina
1418 1809 1538 1870 volun-

469 1919 605 1979 latomo
622 1916 707 1978 mori
719 1917 931 1996 contingerit,
954 1917 986 1978 in
1003 1915 1190 1979 ciminterio
1202 1919 1356 1978 Fratrum
1371 1915 1538 1992 Minorum

470 2022 623 2104 Vapinci‚
639 2026 673 2086 et
686 2023 720 2086 in
734 2023 861 2086 tumulo
874 2025 908 2085 in
922 2042 984 2102 quo
1000 2027 1077 2086 sunt
1091 2022 1213 2104 sepulti
1238 2022 1297 2085 filii
1319 2024 1394 2096 mei,
1412 2027 1445 2085 et
1459 2026 1538 2087 ante

469 2131 641 2210 cappulam
661 2131 759 2194 beato
779 2131 958 2207 Caterine;
983 2135 1017 2194 et
1030 2131 1104 2193 volo
1123 2134 1157 2194 et
1171 2129 1288 2192 ordino
1312 2130 1413 2192 michi
1425 2131 1539 2210 provi-

470 2237 543 2300 deri
568 2237 609 2301 do
627 2237 724 2300 bonis
745 2238 840 2314 meis,
858 2237 892 2299 in
908 2238 1059 2300 omnihus
1074 2237 1157 2300 meis
1172 2237 1328 2318 expensis
1343 2237 1536 2311 funerariiS,

469 2329 670 2422 cantaribus,
695 2345 931 2424 oblacionibus,
953 2345 1084 2422 vigiliis,
1112 2361 1244 2406 novena
1269 2347 1302 2407 et
1330 2345 1438 2424 capite
1458 2345 1538 2406 anni

469 2452 535 2514 mei
561 2452 679 2526 obitus,
698 2452 738 2514 ad
763 2452 980 2527 voluntatem,
1004 2453 1226 2531 cognitionem
1245 2455 1279 2514 et
1293 2451 1538 2514 ordinationem

467 2558 679 2636 gadiatorum
706 2559 776 2622 slve
808 2563 1026 2638 exequtorum
1057 2576 1207 2622 meorum
1235 2558 1536 2640 infrascriptorum.

470 2666 575 2746 [ltenn
592 2665 626 2730 et
641 2665 795 2729 obmissis
810 2668 1003 2746 quibusdam
1018 2668 1138 2745 legatis
1151 2669 1184 2730 et
1199 2665 1461 2729 ordinationibus
1476 2685 1539 2748 per

470 2771 594 2834 dict-um
617 2775 813 2836 testatorem
855 2775 890 2836 in
929 2776 1079 2854 presenti
1106 2779 1307 2838 testamento
1335 2781 1408 2838 suo'
1426 2777 1537 2854 laclia,

468 2882 655 2958 sequuntur
670 2880 812 2958 quedam
824 2879 970 2944 clausule
985 2885 1162 2961 tangentes
1182 2883 1419 2946 monasterium
1433 2884 1536 2945 domi·

468 3002 586 3050 narum
601 2987 850 3052 monialiumde
864 2989 1041 3063 Bertaudo,
1057 2989 1091 3050 in
1108 2989 1171 3052 bec
1181 2989 1346 3071 verba](¹).
1363 2993 1444 3053 Item
1459 2991 1536 3069 lego

467 3093 646 3156 conventui
668 3095 864 3160 monasterii
879 3095 919 3158 de
933 3097 1111 3172 Bertaudo,
1126 3100 1195 3159 tres
1210 3099 1354 3160 florenos
1370 3099 1443 3160 auri
1460 3116 1536 3162 cum

467 3199 600 3264 dimidio
616 3203 802 3278 censuales,
830 3202 864 3264 in
888 3204 1005 3282 quibus
1029 3203 1130 3266 michi
1155 3208 1323 3280 tenentur,
1341 3222 1426 3267 anno
1452 3223 1536 3284 quo-

466 3306 557 3382 libet,
575 3307 759 3371 Anthonius
770 3310 1017 3386 Audeodi,alias
1032 3315 1170 3387 Moatra,
1184 3314 1217 3374 et
1230 3311 1399 3375 lohannes
1413 3311 1534 3386 Palati,

465 3411 644 3492 basteriuS,
661 3413 703 3476 de
727 3415 886 3496 Vapinco,
903 3419 1061 3496 pretextu
1079 3417 1295 3494 quorumdam
1311 3420 1485 3496 pratorum
1501 3421 1536 3478 et

465 3535 659 3598 camporum
697 3521 795 3583 simul
828 3522 1084 3601 contiguorum,
1123 3523 1259 3586 sitorum
1294 3523 1327 3583 in
1364 3524 1535 3585 territorio

464 3625 613 3704 Vapinci‚
638 3626 710 3688 loco
737 3627 824 3690 dicto
853 3633 899 3691 od
912 3633 1040 3691 tticum
1067 3633 1211 3706 Jujole;
1240 3629 1529 3694 controntatur...

464 3748 539 3793 cum
555 3731 641 3794 dicto
657 3731 754 3813 rivo„
767 3782 794 3798 ..
819 3752 891 3797 cum
912 3735 1039 3797 duabus
1054 3735 1117 3797 viis
1133 3735 1286 3816 publicis
1315 3753 1453 3813 quarum
1470 3753 1537 3799 una

464 3839 571 3902 tendit
595 3857 713 3904 versus
743 3844 899 3906 Sanctum
928 3843 1114 3907 iohannem
1154 3845 1195 3907 de
1237 3849 1461 3909 Gbossoultits
1502 3851 1536 3910 et

463 3948 580 4022 altera,
592 3965 711 4011 versus
730 3952 874 4012 Turrim
883 3952 1135 4032 Rotundom{¹).
1153 3955 1236 4014 Item
1251 3951 1335 4032 plus,
1354 3953 1428 4029 lego
1445 3953 1534 4016 dicto

462 4056 696 4120 conventui...
716 4056 780 4119 duo
797 4058 940 4120 sestaria
960 4058 1028 4120 vini
1044 4059 1214 4123 censualia
1231 4062 1264 4121 et
1277 4059 1360 4121 duos
1375 4060 1534 4123 denarios

462 4161 547 4223 bona
575 4165 708 4225 monete
736 4163 777 4226 de
805 4165 966 4240 servicio,
996 4182 1097 4245 super
1126 4165 1253 4228 duabus
1280 4169 1408 4240 (unctis
1429 4166 1532 4230 vinee

462 4268 559 4329 simul
573 4269 748 4346 contiguis,
767 4270 895 4334 sitis...
927 4273 1001 4334 loco
1025 4273 1113 4334 dicto
1143 4277 1179 4334 in
1204 4275 1372 4351 Potuello,
1392 4291 1533 4351 quarum

462 4391 562 4437 unam
578 4379 670 4438 tenet
685 4376 805 4441 Petrus
820 4372 961 4454 Dorche,
977 4379 1318 4459 corderiuS,Vapinci,
1331 4383 1364 4442 et
1378 4380 1533 4442 contron-

462 4483 551 4542 tatur
641 4499 714 4544 cum
736 4483 803 4546 alia
829 4485 938 4564 laycla
968 4503 1066 4564 quam
1086 4491 1177 4548 tonet
1202 4489 1348 4548 Gonetus
1370 4489 1534 4565 Gorgolhi

464 4591 554 4651 et...
595 4606 670 4651 cum
710 4590 808 4653 vinca
846 4591 1007 4654 heredum
1048 4594 1199 4672 magistri
1227 4595 1340 4656 Jacobi
1369 4595 1534 4674 Gayoheti

460 4695 633 4772 quondam,
651 4697 782 4773 notarii,
804 4701 923 4761 etcum
941 4701 1038 4762 vinea
1054 4701 1212 4763 Anthonii
1227 4704 1355 4764 bonelli
1373 4722 1380 4776 ;
1396 4707 1430 4765 et
1443 4704 1532 4766 alte-

461 4817 532 4865 ram
550 4802 705 4882 layciam.
717 4851 747 4872 ..
768 4808 859 4870 tenet
873 4806 981 4872 dictus
992 4811 1137 4874 Gonetus
1153 4809 1311 4889 Gorgolli,
1327 4813 1360 4874 et
1375 4810 1532 4878 contron-
