3378 5608
640 656 683 704 ns
703 656 867 704 usurum.
1228 645 1288 706 215

220 801 414 864 monialium
430 801 669 881 predictarum,
685 817 748 882 per
762 819 843 880 quas
854 802 894 863 de
906 802 1053 880 querelis
1073 805 1106 866 ot
1122 819 1283 882 conques-

219 908 366 971 tionibus
382 926 444 989 per
465 926 540 972 eum
556 909 729 989 expositis,
744 909 778 970 in
794 909 881 971 dicta
896 909 1140 988 supplicatione
1152 914 1286 973 conten·

219 1017 272 1090 tis,
301 1017 409 1095 possit
438 1015 563 1078 veritas
589 1015 744 1096 reperiri.
781 1015 904 1090 Quibus
933 1015 1092 1095 receptis,
1115 1017 1143 1078 si
1175 1017 1284 1095 alique

217 1122 407 1195 tradantur,
429 1125 462 1184 et
477 1122 607 1184 etiamsi
622 1139 688 1184 non
716 1122 900 1196 tradantur,
918 1125 1018 1202 prout
1033 1139 1148 1184 eorum
1164 1140 1284 1204 expec-

218 1231 293 1290 tant
311 1227 467 1303 officium,
483 1227 664 1292 intendunt
679 1229 864 1309 procedere
891 1229 933 1290 ad
958 1229 1192 1307 inquirendum
1209 1248 1284 1294 con·

218 1339 271 1397 tra
287 1335 411 1398 dictum
435 1335 590 1408 nobilem,
608 1339 642 1398 et
670 1332 712 1398 ad
740 1335 1019 1415 comprobandum
1046 1336 1112 1398 alia
1140 1355 1203 1415 que
1222 1355 1284 1418 per

216 1441 342 1504 dictum
356 1442 453 1504 domm
468 1442 691 1504 senescallum
715 1442 748 1503 in
765 1443 861 1505 dictis
882 1442 1001 1504 litteris
1028 1443 1282 1509 demandantur.

216 1552 269 1624 Et,
298 1550 339 1610 ad
364 1550 456 1629 ipsas
482 1549 734 1612 informationes
763 1549 967 1624 tradendae,
991 1550 1021 1611 si
1038 1567 1121 1628 quas
1149 1553 1284 1616 tradere

217 1655 374 1730 voluerii,
400 1656 487 1720 diem
523 1656 672 1736 predicto
697 1655 800 1717 nobili
827 1657 990 1734 arnalde,
1011 1657 1044 1717 iu
1072 1656 1193 1718 litteris
1220 1658 1283 1720 sibi

216 1762 342 1840 missis,
358 1780 422 1841 que
437 1766 488 1826 est
503 1763 575 1825 dios
587 1779 635 1824 xv
656 1763 780 1826 mensis
797 1762 909 1838 madii,
926 1763 1033 1825 eidem
1050 1763 1146 1826 tratri
1160 1781 1282 1844 procu-

215 1871 332 1946 ratori,
349 1870 481 1933 nomine
495 1888 558 1949 quo
575 1887 688 1950 supra,
703 1870 968 1948 assignaverunt.

254 1979 302 2040 Ad
323 1994 388 2056 que
410 1977 529 2040 nobilis
544 1977 739 2040 Guillelmus
759 1978 800 2038 de
814 1975 1015 2057 Vaulm]ili0,
1032 1981 1232 2056 procurator
1248 1984 1282 2042 et

215 2085 448 2166 procuratorio
477 2085 610 2146 nomine
636 2083 716 2146 dicti
732 2083 870 2146 Ariialdi
894 2087 928 2146 et
942 2100 1003 2164 pro
1019 2099 1069 2159 eo,
1096 2085 1192 2164 petiit
1219 2085 1279 2149 sibi

216 2191 290 2255 iteri
305 2193 438 2271 copiam
453 2191 641 2253 litterarum
661 2190 740 2252 dicti
769 2189 892 2251 domini
910 2189 1087 2252 senescalli
1104 2193 1136 2252 et
1152 2192 1280 2272 suppli-

216 2299 360 2362 cationis
377 2297 549 2376 jamdicte.
569 2299 609 2358 Et
622 2296 697 2359 dicti
723 2296 808 2358 dom¹
828 2296 959 2374 baJulus
982 2300 1016 2358 et
1039 2297 1143 2374 judex
1170 2298 1279 2361 eidem

217 2405 407 2478 Guillelmo,
419 2420 483 2482 quo
499 2419 601 2482 supra
612 2402 754 2478 nomine,
772 2405 806 2464 et
820 2402 920 2463 etiam
936 2401 1129 2465 dictoiratri
1145 2403 1280 2480 Poncio,
1337 2375 1344 2393 ⁸

216 2511 245 2572 si
259 2511 385 2573 babere
399 2509 555 2583 voluerit,
571 2509 732 2571 dictarum
747 2509 932 2570 litterarum
948 2511 983 2570 et
998 2509 1226 2588 suplicationis
1242 2527 1281 2572 ac

216 2617 317 2679 etiam
342 2617 486 2678 omnium
500 2632 563 2695 per
584 2631 642 2677 eos
657 2614 810 2694 proxime
835 2615 995 2676 ordinatis
1011 2613 1098 2695 (stc),
1123 2631 1281 2678 concessa

216 2724 322 2802 copia,
334 2727 367 2784 et
379 2723 432 2784 die
445 2738 493 2783 rur
507 2722 675 2802 presentis
691 2721 817 2783 mensis
830 2720 941 2796 madii,
954 2720 995 2782 ad
1009 2721 1280 2800 comparendum,

215 2829 390 2892 dicendum
413 2833 446 2891 et
460 2828 711 2908 proponendum
731 2827 884 2906 quicquid
908 2827 1019 2889 dicere
1042 2829 1076 2889 et
1091 2843 1281 2908 preponere

215 2935 392 3011 voluerint,
407 2935 504 2997 dictis
520 2935 667 3014 partibus
683 2935 950 3012 assignaverunt.

257 3046 304 3105 De
329 3042 445 3120 quibus
470 3041 619 3103 omnibus
636 3045 671 3104 et
698 3041 836 3119 singulis
865 3042 972 3103 dictus
996 3041 1102 3104 irater
1125 3041 1281 3117 Peneius,

218 3149 448 3227 procuratorio
464 3149 598 3210 nomine
613 3167 676 3227 quo
706 3164 818 3226 supra,
839 3148 935 3227 petiit
950 3147 1007 3210 sibi
1023 3147 1096 3212 fieri
1116 3148 1282 3228 publicum

219 3256 488 3318 instrumentum.
513 3259 628 3317 Actum
644 3255 806 3328 sistarioi‚
822 3255 856 3316 iu
870 3255 1016 3334 capitulo
1037 3255 1141 3334 regio,
1159 3256 1193 3316 in
1208 3271 1283 3336 pre-

220 3361 328 3424 sentia
349 3365 383 3424 et
397 3362 588 3424 testimonio
611 3362 817 3423 dominorum
834 3361 927 3423 Petri
942 3361 983 3424 de
1007 3364 1144 3434 Alsona,
1160 3364 1281 3424 Rosta-

217 3468 274 3546 gni
290 3469 517 3542 Guiramandi,
530 3469 811 3547 jurisperitorum,
837 3472 869 3530 et
893 3468 959 3529 mei
987 3468 1144 3530 Gausredi
1158 3468 1280 3541 Monoi,

218 3575 341 3638 notarii
369 3575 494 3656 publici
522 3575 561 3636 ab
591 3575 705 3637 inolito
741 3573 894 3654 principe
924 3573 1196 3651 domnoiorio,
1223 3574 1282 3637 Dei
1325 3633 1332 3644 ‚

218 3683 327 3759 gratia
339 3699 420 3759 rege
434 3682 621 3744 Jerusalem
637 3685 671 3744 et
693 3681 817 3756 Sicilie,
829 3681 862 3742 in
879 3679 1089 3743 comitatibus
1105 3681 1281 3744 Prouincie

218 3791 254 3851 et
266 3787 517 3867 Forobalquerii
532 3788 751 3852 constituti...
769 3787 806 3868 †.

249 3945 345 4010 *Orig.
359 3948 441 4010 purch
463 3947 495 3997 dc
510 3948 542 3998 ³5
564 3945 608 4010 lig.
623 3947 740 4011 Sipnum
761 3961 793 3996 ou
807 3947 890 3996 torma
906 3946 937 3996 de
953 3957 976 3994 ro
998 3945 1103 4006 couchd,
1120 3945 1223 4018 aecostc'
1235 3945 1281 3996 dos

218 4035 309 4085 lettres
319 4035 347 4087 d
362 4039 388 4085 ct
403 4035 447 4086 M.
463 4036 504 4085 Au
516 4036 563 4086 dos
580 4052 587 4085 :
602 4035 750 4098 Quintum
762 4041 804 4096 st).
832 4033 896 4084 coto
911 4050 917 4084 :
934 4033 963 4098 C,
977 4033 1025 4095 50;
1051 4034 1083 4094 b,
1099 4034 1165 4090 ott;
1184 4033 1212 4095 F,
1226 4034 1281 4085 244.

218 4184 907 4199 *numm——

264 4288 361 4351 198.
795 4291 879 4364 Gop,
896 4291 941 4349 20
953 4289 1093 4358 ranaca-
1107 4284 1241 4366 1350s1.

368 4444 601 4554 [inlusione
619 4445 680 4555 or]
701 4471 850 4528 caluom
869 4471 913 4526 nr
929 4453 1089 4526 ltumouo
1105 4450 1133 4521 ·.

249 4606 418 4668 suomiue
441 4607 580 4680 Domini,
607 4623 714 4668 amen.
747 4611 840 4668 Auno
869 4605 1107 4667 incarnationis
1135 4604 1285 4680 ejusdem

270 4711 398 4772 Domini
433 4712 607 4774 millesimo
641 4713 869 4774 tricentesimo
904 4711 1201 4790 quinquagesimo,
1233 4711 1285 4772 die

222 4817 379 4880 vicesima
396 4817 519 4879 mensis
532 4818 691 4894 Januarii.
709 4821 828 4880 Notum
845 4818 901 4880 sit.
914 4865 941 4880 ..
962 4817 1059 4894 quod,
1070 4834 1144 4878 cum
1156 4817 1287 4895 questio
