3378 5608
602 692 645 742 ns
665 691 828 742 amanus.
1186 677 1243 741 2⁴1

185 837 429 920 prelatusdom·
442 837 629 902 Ludovicus
646 837 688 900 ‹le
710 837 887 912 Mosteriis,
983 836 1024 899 ad
1042 837 1241 904 instanciam

252 946 376 1028 prelati
390 945 504 1008 lratris
520 945 713 1020 (tuillelmi,.
726 990 754 1007 ..
774 945 970 1023 recognovit
991 963 1028 1008 se
1057 945 1194 1009 dehere.
1207 993 1235 1009 ..

185 1055 270 1118 dicto
285 1053 424 1130 vicario,
513 1053 689 1134 recipienti
711 1051 787 1115 vice
813 1053 847 1114 et
866 1052 998 1115 nomine
1013 1052 1094 1116 dicti
1108 1071 1240 1117 monas-

184 1163 270 1238 terii,
293 1180 354 1245 pro
370 1162 522 1244 predicta
535 1165 626 1226 resta
641 1161 789 1225 omnium
809 1160 1060 1241 premissorum,
1088 1161 1247 1228 videlicet

184 1271 238 1352 (in)
248 1271 387 1349 triginta
404 1272 549 1335 florenos
564 1271 650 1334 auri.
665 1272 705 1332 Et
716 1268 961 1346 nichilominus,
976 1268 1053 1347 quia
1065 1269 1149 1332 dixit
1164 1287 1244 1349 erga

185 1377 307 1440 (lictum
321 1377 561 1440 monasterium
575 1376 609 1440 et
622 1375 840 1458 {dominarum
867 1376 1016 1454 ejusdem
1040 1375 1250 1440 devotionem

185 1483 363 1546 maximam
380 1501 417 1546 se
429 1482 565 1564 habere,
581 1485 614 1546 et
642 1499 777 1564 semper
791 1481 942 1544 omnihus
962 1481 1169 1562 temporibus
1183 1485 1251 1547 vite

185 1607 242 1654 sue
255 1589 413 1654 hahuisse
441 1607 477 1654 se
505 1591 598 1666 dixit,
613 1606 658 1652 ex
672 1589 849 1652 devotione
871 1589 1063 1668 hujusmodi
1084 1593 1118 1652 et
1137 1607 1251 1654 amore

185 1699 255 1774 Dei,
277 1701 313 1760 et
336 1696 473 1780 pietatis
502 1697 641 1772 intuitu,
674 1713 713 1760 ac
742 1696 777 1758 in
809 1696 1073 1777 redemptionem
1100 1714 1250 1776 suorum,

185 1805 273 1868 idem
298 1805 386 1867 dom·
400 1803 599 1879 ludovicus,
617 1803 723 1882 gratis
746 1805 780 1866 et
803 1805 922 1884 sponte
946 1802 1011 1878 dat,
1029 1803 1186 1886 legat...
1211 1804 1252 1867 de

185 1911 280 1974 honis
297 1911 379 1986 suis,
405 1911 513 1974 eidem
529 1910 743 1986 monasterio,
761 1927 801 1972 ac
816 1913 945 1973 attenta
957 1913 1028 1988 ejus
1043 1913 1253 1992 paupertate,

186 2020 275 2084 ultra
294 2018 507 2100 supradictos
533 2014 673 2095 triginta
694 2017 840 2080 florenos
870 2015 955 2092 auri,
970 2016 1088 2094 viginti
1105 2017 1252 2081 florenos

186 2127 271 2206 auri,
287 2131 322 2190 et
336 2127 385 2190 sic
397 2131 474 2189 sunt
488 2126 523 2188 in
541 2143 679 2198 summa,
707 2124 859 2187 omnibus
879 2121 1017 2187 inclusis
1033 2127 1068 2186 et
1081 2129 1254 2205 computa·

186 2235 239 2308 tis,
271 2232 510 2314 quinquaginta
546 2233 691 2293 florenos
734 2231 807 2294 auri
837 2229 1060 2311 dalphinales,
1097 2231 1254 2296 videlicet

189 2341 314 2406 valoris
337 2339 513 2418 cujuslibet
541 2339 602 2400 XII
626 2355 817 2416 grossorum
852 2335 983 2415 argenti
1010 2337 1096 2401 hone
1118 2342 1252 2402 monete

193 2447 317 2510 domini
344 2446 451 2508 nostri
474 2448 566 2525 Pape
589 2461 648 2507 seu
673 2444 804 2506 domine
832 2443 949 2521 regine
965 2444 1150 2508 Provincie.
1168 2449 1255 2521 Quos

190 2553 322 2633 quidem
351 2552 589 2634 quinquaginta
612 2551 758 2614 florenos
780 2550 932 2630 prefatus
958 2551 1047 2614 dom·
1066 2553 1256 2619 Ludoricus

191 2663 231 2724 de
243 2661 429 2725 Mosteriis.
441 2707 468 2722 ..
487 2659 619 2722 solvere
709 2658 862 2740 promisit
875 2657 984 2722 eidem
1011 2659 1100 2722 dom⁰
1119 2660 1257 2740 vicario,

193 2767 352 2832 videlicet
369 2785 376 2828 :
391 2767 426 2828 in
438 2765 591 2846 proximo
616 2765 702 2828 festo
724 2765 875 2828 Omnium
891 2767 1090 2829 Sanctorum
1105 2767 1258 2847 proxime

191 2879 344 2952 venturo,
360 2875 506 2954 quinque
528 2873 673 2936 florenos
691 2874 764 2936 auri
782 2892 789 2948 ;
805 2872 897 2949 item,
926 2871 961 2936 in
983 2873 1049 2936 alio
1073 2875 1159 2938 testo
1188 2879 1259 2938 Om-

193 2981 284 3044 nium
300 2983 526 3056 Sanctorum„
539 3028 566 3044 ..
586 2980 669 3042 alios
681 2979 827 3059 quinque
840 2980 984 3044 florenos
1000 2982 1083 3058 auri,
1100 2987 1134 3046 et
1153 2983 1202 3046 sic
1218 2983 1259 3047 de

193 3106 278 3154 anno
300 3087 336 3154 in
352 3105 486 3162 annum,
515 3091 548 3151 et
568 3087 610 3150 de
637 3087 721 3151 festo
745 3087 780 3149 in
805 3087 936 3167 testum,
954 3089 1097 3168 quinque
1112 3089 1258 3154 florenos

194 3198 274 3273 auri,
307 3196 413 3262 donec
428 3199 462 3258 et
485 3211 656 3273 quousque
671 3193 751 3257 dicti
780 3195 1019 3274 quinquaginta
1039 3197 1158 3260 lloreni
1186 3197 1261 3268 auri

195 3305 304 3369 eidem
332 3304 533 3368 monasterio
558 3301 682 3366 tuerint
722 3315 785 3381 per
807 3303 959 3365 eumdem
987 3303 1189 3366 Ludovioum
1219 3305 1260 3368 de

194 3411 363 3474 Mosteriis
385 3410 441 3474 rel
468 3408 578 3482 alium,
595 3411 668 3485 ejus
686 3407 831 3482 nomine,
849 3409 1062 3488 integraliter
1075 3411 1237 3492 persoluti
1253 3431 1259 3486 ;

194 3535 260 3581 una
275 3535 350 3582 cum
370 3516 582 3580 restitutione
606 3515 752 3578 omnium
773 3515 1004 3596 dampnorum,
1034 3518 1216 3584 interesse.
1229 3567 1256 3586 ..

194 3627 311 3689 Dictus
339 3626 426 3688 dom·
445 3623 631 3686 Ludovicus
731 3622 882 3702 promisit
1005 3625 1054 3688 Sit
1079 3626 1201 3706 quitius
1230 3633 1264 3693 et

196 3733 329 3798 omnino
353 3731 515 3796 liberatus
540 3731 582 3793 de
602 3730 754 3793 omnihus
838 3731 873 3793 in
889 3732 1006 3810 quibus
1092 3737 1265 3798 teneretur

265 3855 370 3922 penes
381 3839 505 3902 dictum
525 3838 764 3901 monasterium
781 3887 828 3902 ...
845 3839 936 3902 Idem
956 3841 1044 3903 dom·
1056 3841 1218 3906 vicarius.
1232 3889 1259 3910 ..

198 3947 329 4028 quitiat.
342 3995 369 4011 ..
389 3947 502 4012 Dictus
524 3963 606 4009 vero
630 3944 717 4008 dom·
738 3945 923 4010 Ludovicus
943 3994 991 4012 ...
1010 3966 1061 4011 se.
1074 3993 1098 4014 ..
1114 3950 1266 4016 submisit

203 4102 251 4120 ...
271 4053 553 4136 compulsionibus
568 4053 737 4115 curiarum
749 4051 873 4115 domini
887 4055 992 4118 nostri
1006 4058 1107 4138 Papo,
1125 4061 1266 4138 ejusque

199 4177 346 4240 camere,
432 4161 524 4225 curie
539 4159 863 4241 carpentoratensis,
879 4163 1055 4240 Aquensis,
1073 4163 1268 4231 sistaricen-

200 4269 256 4345 sis,
279 4269 424 4344 Diensis,
440 4268 671 4348 vapincensis,
696 4267 962 4345 Ebrudunensis;
979 4271 1138 4352 curisque
1163 4272 1266 4351 Serri,

198 4376 323 4457 Upasii,
340 4374 613 4454 Montisalquerii,
627 4373 885 4455 Grationopolis,
898 4377 1120 4458 spiritualium
1134 4383 1169 4444 et
1183 4383 1264 4445 tem-

199 4481 380 4564 poralium.
393 4529 399 4543 .
412 4527 420 4542 .
435 4481 581 4544 Juravit.
595 4529 602 4543 .
615 4531 621 4543 .
635 4483 718 4543 Acta
732 4481 867 4544 luerunt
879 4482 943 4546 hec
957 4485 1109 4565 Vapinci,
1126 4487 1161 4550 in
1172 4487 1267 4551 cimi-

200 4590 286 4653 terio
307 4592 409 4652 Beate
423 4589 540 4664 Mario,
566 4591 643 4650 ante
663 4589 795 4650 domum
809 4588 1023 4655 habitationis
1043 4593 1110 4656 mei
1134 4597 1270 4673 notarii,

201 4712 304 4776 prope
328 4696 508 4758 ecclesiam
535 4695 647 4758 Sancti
676 4694 836 4758 Johannis
868 4698 1028 4778 appellati
1054 4701 1211 4778 Rotundi,
1237 4704 1272 4765 in

202 4803 380 4884 presencia
394 4805 428 4867 et
441 4802 655 4868 testimonio:
678 4801 814 4866 discreti
830 4802 894 4867 viri
918 4806 1068 4884 magistri
1095 4809 1271 4873 Bertrandi

1136 4943 1176 5005 16
