3378 5608
411 685 472 760 ies
770 705 916 762 mmurss
935 713 976 760 nn
998 706 1079 760 m-n.

411 853 466 915 ubi
488 854 620 916 inerunt
641 857 756 918 testes.
769 903 796 918 ..
817 875 824 917 :
843 857 985 919 Jacohus
1001 856 1149 932 Girandi,
1165 855 1206 918 de
1221 855 1379 938 Upaysio,
1394 857 1471 918 Ste-

410 961 541 1040 phanus
565 961 606 1022 de
615 961 710 1043 Alpe,
727 961 893 1024 habitator
909 963 1109 1037 Venthaoni,
1125 966 1159 1026 et
1171 965 1292 1026 Petrus
1302 964 1467 1038 Acidios,

410 1067 505 1131 taber
519 1068 560 1131 de
574 1069 735 1149 Upaysio;
760 1073 794 1131 et
817 1085 879 1148 ego
895 1070 961 1132 Odo
976 1071 1017 1133 de
1044 1069 1195 1145 Lentino,
1212 1069 1360 1132 notarius
1445 1067 1468 1148 †

450 1253 554 1318 229.
972 1258 1160 1332 Veutcoou,
1176 1257 1221 1319 25
1234 1259 1310 1318 mci
1325 1255 1425 1318 1370.

409 1431 520 1578 Auno
533 1417 573 1478 ab
584 1415 815 1481 incarnatione
826 1417 955 1480 Domini
964 1417 1138 1480 millesimo
1152 1420 1205 1480 IIIc
1213 1415 1468 1498 septuagesimo,

474 1527 509 1586 et
530 1523 583 1586 die
602 1540 674 1586 xxv
698 1525 822 1586 mensis
841 1523 951 1586 madii.
975 1524 1139 1588 Noverint
1161 1523 1364 1587 universi...
1385 1523 1470 1602 quod

409 1630 528 1692 nobilis
541 1631 712 1694 iohannes
727 1631 882 1706 Riohere,
899 1631 940 1694 da
954 1635 1159 1696 Votthuono.
1172 1679 1178 1692 .
1192 1678 1199 1693 .
1219 1631 1311 1694 dedit
1324 1631 1364 1693 ad
1373 1647 1470 1694 acca-

410 1737 514 1816 pitum
528 1739 562 1798 et
571 1740 648 1815 jnre
662 1736 817 1818 achapiti,
832 1742 867 1801 et
880 1738 920 1800 ad
936 1755 1054 1818 puram
1068 1742 1101 1802 et
1114 1741 1310 1819 perpetuam
1323 1735 1471 1816 hemphi-

406 1841 567 1906 teosim...
584 1843 680 1905 tratri
692 1843 859 1920 Durando,
888 1846 929 1907 de
956 1844 1177 1920 Bertaudo,...
1206 1844 1370 1923 quandam
1399 1845 1468 1904 ter-

408 1967 491 2024 ram,
529 1951 625 2013 sitam
661 1951 696 2013 in
730 1952 900 2014 territorio
925 1951 965 2014 de
991 1951 1187 2028 Voithaon0‚
1216 1951 1290 2014 loco
1316 1951 1401 2012 dicte
1430 1948 1470 2012 in

410 2059 561 2130 Comum
596 2072 659 2135 que
699 2057 1000 2120 controntratur...
1026 2061 1121 2135 juxta
1152 2061 1277 2119 terram
1302 2055 1468 2135 prioratus

406 2163 519 2224 Sancti
530 2163 726 2238 Martini,et¹
737 2210 743 2223 .
754 2213 759 2226 .
771 2167 872 2241 juxta
886 2168 1012 2227 terram
1022 2164 1218 2226 monasterii
1234 2164 1275 2225 do
1288 2162 1465 2236 Bertando‚

405 2272 503 2347 Juxta
517 2269 624 2331 rivum
640 2270 681 2332 de
695 2272 919 2348 Bramuscm,
940 2289 1015 2334 oum
1031 2272 1100 2333 suis
1117 2271 1259 2348 juribus,
1271 2319 1278 2334 .
1291 2317 1318 2332 ..
1339 2269 1380 2330 ad
1401 2284 1469 2329 ser-

405 2375 529 2438 vicium
545 2378 716 2452 annuale„
729 2425 755 2440 ..
775 2378 810 2439 in
824 2378 909 2441 sesto
922 2379 1044 2440 natalis
1059 2377 1203 2454 Domini,
1221 2377 1319 2438 nnius
1340 2375 1469 2437 denarii

405 2483 446 2545 de
472 2483 629 2546 servicio.
656 2487 696 2545 Et
722 2502 783 2564 pro
807 2485 951 2563 intragio
978 2487 1048 2547 sive
1076 2485 1327 2547 investitura...
1355 2483 1462 2544 dictus

403 2589 521 2651 nobilis
538 2589 699 2653 iohannis
713 2591 856 2654 Richere
870 2593 1043 2655 consessus
1056 2591 1117 2653 tuit
1131 2591 1302 2652 hahuisse.
1315 2637 1341 2652 ..
1362 2605 1461 2650 unum

403 2696 565 2758 florenum
581 2698 655 2759 anri
667 2699 777 2760 boni..
793 2747 798 2759 .
818 2699 1044 2762 Renuncians.
1057 2745 1084 2762 ..
1105 2697 1307 2760 Promitens.
1319 2742 1346 2758 ..
1366 2698 1462 2758 Jura-

401 2803 465 2864 vit.
478 2849 505 2865 ..
524 2807 639 2866 Actum
652 2805 685 2866 in
698 2805 868 2867 territorio
883 2807 923 2868 (te
946 2808 1155 2880 Veutlzaouo,
1172 2805 1261 2866 inira
1274 2803 1405 2865 domum
1421 2800 1463 2862 de

402 2910 443 2971 de
467 2912 643 2986 BertandO,
670 2912 726 2974 ubi
752 2914 887 2975 inerunt
914 2916 1089 2976 testes...:
1106 2912 1226 2974 nobilis
1252 2909 1463 2986 Pellegrinus

403 3017 563 3092 Gauterii,
578 3018 720 3080 Jacobus
737 3019 848 3082 Gillini
863 3023 896 3081 et
918 3019 1105 3098 Stephanus
1126 3019 1167 3081 de
1188 3019 1283 3098 Alpo,
1297 3015 1464 3078 habitator

401 3123 605 3199 Venthaoni;
631 3127 664 3187 et
687 3142 749 3203 ego
765 3127 831 3188 Odo
856 3125 897 3188 de
924 3126 1076 3201 Lentino,
1091 3125 1240 3188 notarius
1266 3121 1463 3186 auctoritate

402 3229 509 3294 sancti
522 3232 662 3294 Romani
676 3232 809 3312 imperii
821 3232 1032 3296 constitutus.
1046 3279 1053 3294 .
1065 3279 1072 3294 .
1085 3232 1124 3313 t.

431 3391 440 3412 '
461 3389 532 3455 Orig.
545 3392 636 3455 perch.
652 3391 741 3442 ‹10122
755 3392 804 3456 lig.
819 3391 938 3457 Siquam
950 3407 981 3441 en
994 3392 1077 3442 forme
1089 3391 1120 3441 de
1130 3391 1202 3440 croix
1216 3389 1300 3455 patto,
1314 3388 1403 3438 orne'e.
1418 3387 1461 3436 Au

400 3477 466 3529 dos:
482 3479 548 3530 Uest
558 3495 632 3544 pour
651 3480 794 3542 Ventuoou,
807 3495 882 3544 pour
893 3496 948 3530 une
966 3491 1036 3530 terre
1049 3479 1103 3530 site
1117 3494 1176 3529 auu
1193 3479 1302 3554 Dombm
1316 3476 1395 3539 (xuni⁸
1411 3477 1456 3538 se).

400 3563 583 3631 Instodctioua
597 3571 628 3620 ue
644 3570 717 3620 deux
729 3580 810 3619 terres
825 3570 936 3620 seituccs
949 3585 987 3621 cu
1001 3571 1100 3621 terreis
1117 3571 1149 3619 dc
1168 3568 1314 3632 Vaccaeos,
1339 3567 1394 3616 lieu
1416 3563 1458 3616 dit

400 3671 459 3706 uum
475 3654 592 3722 Combes,
605 3658 672 3723 faite
686 3674 720 3709 en
734 3662 827 3722 [cucur
841 3659 880 3710 du
896 3668 1007 3710 convent
1020 3661 1051 3710 de
1065 3659 1206 3719 Berthcut,
1222 3657 1294 3709 tune
1305 3672 1362 3720 por
1376 3652 1457 3705 noble

400 3742 527 3810 Peleqrin
543 3745 657 3796 Gautier
684 3758 709 3797 et
735 3749 841 3809 Facere,
868 3763 922 3812 pur
948 3747 1024 3797 noble
1050 3748 1121 3798 Jcan
1146 3747 1266 3812 Richter,
1296 3747 1353 3796 l'cn
1384 3744 1461 3794 1370.

400 3833 487 3898 (xvm·
502 3835 545 3900 ε’).
562 3835 625 3886 Coto
640 3851 645 3886 :
659 3835 691 3899 D,
707 3836 770 3900 863;
784 3837 815 3900 Ε,
828 3837 892 3901 392;
908 3837 938 3898 F,
951 3835 1006 3886 324.

1035 4012 1458 4027 ψ

440 4138 540 4202 230.
964 4139 1416 4218 retransmisimus.

453 4305 728 4384 Iusruuunuwu
746 4327 932 4385 supulcris
954 4327 1070 4384 TERRE
1090 4323 1134 4383 uit
1151 4303 1364 4383 Vuurivouo
1374 4306 1407 4378 *.

426 4479 449 4532 N
474 4471 609 4532 nomine
635 4472 766 4534 Domini
785 4472 890 4535 nostri
910 4471 1014 4534 ihesu
1040 4469 1160 4550 Xpisti,
1183 4487 1291 4532 amen.
1314 4471 1408 4530 Anno
1423 4468 1465 4529 ab

399 4486 424 4636 l
447 4575 675 4641 incarnatione
698 4580 846 4656 ejusdem
869 4578 1000 4640 Domini
1023 4577 1198 4640 millesimo
1231 4575 1462 4640 tricentesimo

398 4685 653 4761 septuagesimo,
681 4689 714 4748 et
741 4685 794 4748 die
817 4686 924 4766 prima
948 4686 1071 4748 mensis
1082 4685 1179 4765 junii.
1206 4685 1368 4748 Noverint
1391 4683 1464 4745 uni·

399 4789 504 4852 versi.
517 4835 544 4852 ..
565 4793 650 4870 quod
673 4792 791 4854 nobilis
815 4792 971 4855 Nicolans
994 4792 1136 4867 Milonis,
1161 4791 1202 4853 de
1224 4793 1408 4864 Ventaono,
1427 4793 1464 4850 et
