3378 5608
406 677 465 738 236
776 691 924 740 cnannns
944 693 987 740 na
1008 691 1093 740 n.··o.

407 835 551 898 medium
566 836 752 899 cuniculum
766 837 806 900 de
821 837 967 914 servitio,
982 839 1131 916 tempore
1151 836 1347 899 venationis.
1369 836 1461 909 Item,

404 959 503 1004 unam
517 945 641 1004 terram
656 943 788 1021 ibidem,
799 946 899 1020 juxta
922 946 1053 1022 pratum
1076 943 1238 1004 Lantelmi
1263 942 1414 1004 Geulridi
1430 947 1465 1005 et

402 1052 501 1127 juxta
518 1053 642 1111 terram
665 1050 851 1128 Raymundi
866 1049 1030 1127 Gaufridi,
1056 1066 1116 1129 pro
1141 1067 1204 1128 qua
1229 1049 1463 1128 facittaysiam

480 1159 514 1218 et
533 1173 634 1218 unum
650 1156 823 1219 denarium
840 1156 880 1218 de
893 1157 1041 1220 servitio,
1059 1160 1152 1233 Item,
1169 1173 1268 1220 unum
1284 1159 1419 1230 ortum„
1434 1203 1460 1219 ..

407 1263 481 1326 loco
495 1263 582 1325 dicto
598 1268 643 1326 ad
661 1279 826 1341 campum
854 1267 1082 1340 Girbaudum,
1105 1267 1205 1342 juxta
1233 1267 1359 1326 terram
1383 1267 1464 1325 Ber-

407 1371 519 1432 trandi
540 1371 651 1433 Pontii
666 1374 699 1433 et
710 1374 805 1448 juxta
821 1375 929 1434 ortum
944 1371 1118 1434 Bertrandi
1134 1371 1174 1433 de
1195 1372 1289 1452 Alpo,
1318 1388 1378 1450 pro
1402 1388 1465 1450 quo
1488 1412 1493 1420 ·

408 1477 526 1538 servit.
540 1525 567 1540 ..
588 1478 708 1556 pictam
731 1478 771 1540 de
795 1478 940 1540 servitio.
957 1481 1049 1552 Item,
1065 1495 1164 1539 unam
1179 1477 1309 1552 vineam
1333 1477 1464 1553 ibidem,

403 1587 500 1662 juxta
514 1583 645 1646 vineam
660 1585 775 1646 lacobi
791 1586 898 1647 amati
913 1589 948 1647 et
958 1584 1054 1664 juxta
1068 1586 1199 1648 vineam
1215 1585 1375 1647 Jobannis
1390 1587 1467 1646 Tor-

408 1691 535 1752 natoris
550 1695 583 1753 et
604 1694 676 1769 ejus
693 1692 819 1767 fratris,
837 1709 898 1771 pro
913 1710 976 1771 qua
1000 1693 1093 1755 facit.
1107 1741 1134 1756 ..
1154 1696 1349 1771 quartonum
1371 1709 1466 1754 race-

409 1814 537 1859 morum
561 1801 594 1859 et
623 1797 754 1859 obolum
769 1799 811 1860 de
833 1799 980 1861 servitio.
997 1802 1087 1874 Item,
1106 1817 1204 1862 unam
1220 1800 1351 1861 vineam
1375 1799 1466 1860 fran-

409 1903 572 1980 cham‚...
598 1905 671 1966 loco
719 1906 806 1968 dicto
842 1911 880 1968 io
920 1910 1172 1982 Vinetseocbts,
1205 1910 1301 1984 juxta
1335 1907 1466 1968 vineam

409 2011 590 2073 confratria
612 2012 739 2074 veteris
765 2016 799 2074 et
826 2016 924 2090 juxta
952 2014 1084 2075 vineam
1112 2013 1294 2078 salvatoris
1320 2012 1465 2074 Giraudi.

408 2117 606 2181 Protestans
621 2117 729 2180 dictus
745 2120 898 2182 Clemens
927 2121 1025 2198 qnod,
1042 2119 1084 2182 si.
1098 2169 1124 2183 ..
1155 2121 1264 2198 aliqua
1277 2119 1421 2181 obmisit.
1435 2167 1461 2181 ..

408 2241 663 2302 recognoscere,
693 2225 844 2288 siluerit
870 2230 1145 2306 opportunum...
1171 2227 1333 2306 Obligavit
1360 2227 1467 2287 omnia

408 2331 494 2393 bona
510 2347 622 2393 sua...
641 2333 689 2392 Ad
714 2335 830 2395 sancta
853 2333 914 2394 Dei
938 2331 1143 2411 euvangelio,
1156 2333 1253 2396 tactis
1279 2333 1467 2411 scripturis

405 2439 544 2517 juravit.
558 2485 584 2503 ..
615 2439 815 2503 Promittens
846 2441 952 2503 dictus
987 2441 1106 2503 nobilis
1139 2440 1349 2518 bodonicus,¹
1362 2489 1390 2504 ..
1408 2439 1467 2501 sub

410 2544 573 2628 ypotheca
598 2549 631 2608 et
658 2547 858 2625 obligatione
880 2547 1024 2610 omnium
1040 2549 1200 2610 bonorum
1222 2565 1366 2622 suorum,
1380 2546 1468 2608 dicto

411 2653 588 2714 Clementi.
601 2700 607 2713 .
620 2700 626 2714 .
658 2653 810 2732 predicta
838 2654 960 2716 omnia.
973 2702 980 2715 .
993 2703 1000 2717 .
1034 2654 1227 2717 observare.
1240 2701 1247 2716 .
1260 2701 1267 2716 .
1301 2657 1335 2716 et
1361 2653 1469 2715 eidem

412 2759 573 2820 Clementi
594 2775 670 2821 esse
690 2760 796 2821 bonus
813 2760 964 2822 dominus
979 2764 1013 2823 et
1028 2761 1156 2838 legalis,
1174 2765 1209 2823 et
1231 2777 1306 2824 eum
1322 2761 1469 2822 Clemen-

411 2869 478 2927 tem
493 2868 610 2928 tenere
626 2867 660 2928 in
673 2867 798 2928 eisdem
814 2867 1030 2947 libertatibus,
1042 2868 1302 2930 immunitalibus
1325 2870 1358 2928 et
1380 2865 1469 2926 fran-

410 2972 551 3048 chesiis,
597 2973 713 3051 quibus
749 2975 1006 3053 predecessores
1041 2975 1118 3037 dicti
1158 2975 1277 3036 nobilis
1312 2971 1470 3034 Ludovici

409 3079 570 3141 hactenus
587 3079 699 3141 lacere
719 3083 885 3142 obtenere
908 3084 1152 3143 consueverunt
1179 3080 1300 3144 dictum
1316 3079 1468 3141 Clemen-

410 3187 477 3245 tem
503 3187 538 3246 et
564 3202 642 3247 suos
668 3187 934 3265 predecessores.
957 3189 1004 3248 De
1032 3187 1201 3265 quibus...
1229 3189 1311 3248 Acta
1334 3185 1471 3246 luerunt

410 3289 475 3351 hec
504 3292 677 3365 Ventaoni,
706 3291 795 3354 inter
821 3293 902 3354 duas
923 3295 1035 3372 portas
1061 3292 1228 3366 fortalicii,
1256 3291 1312 3354 ubi
1335 3291 1470 3352 luerunt

410 3398 547 3457 testes..
561 3416 585 3458 .:
601 3398 743 3460 Jacobus
765 3399 878 3473 Salati,
894 3399 1059 3460 Tibaudus
1074 3399 1284 3476 Bergognoni
1300 3401 1334 3460 et
1347 3395 1468 3460 Petrus

411 3500 542 3577 odonis,
565 3504 605 3565 de
618 3506 802 3580 Ventaono,
820 3505 1039 3584 vapincensis
1055 3505 1207 3568 diocesis.

450 3611 491 3670 Et
506 3625 567 3686 ego
588 3613 811 3674 Laurentinus
825 3612 1007 3686 Laurentii,
1030 3613 1070 3674 de
1094 3611 1340 3690 Carmagnolia,
1363 3611 1473 3690 publi-

411 3729 469 3774 cus
508 3715 673 3795 imperiali
697 3718 894 3780 auctoritate
924 3719 1082 3793 notarius,
1115 3722 1314 3797 jnratusque
1344 3717 1474 3797 dalphi-

410 3821 494 3882 nalis
509 3823 602 3884 curie
618 3825 754 3902 majoris
770 3825 1014 3904 vapincensis,.
1028 3873 1033 3888 .
1047 3824 1100 3906 .†.

466 3985 538 4049 Orig.
553 3987 642 4050 perch.
659 3987 692 4036 dt
706 3985 736 4035 46
747 3986 792 4059 lig.
801 3985 912 4050 Signum
929 4001 961 4035 en
975 3987 1058 4036 forme
1074 3987 1122 4036 d’H
1137 3987 1285 4036 enlermont
1299 4001 1334 4035 un
1347 3985 1470 4048 losunge.

410 4076 452 4125 nu
466 4077 528 4126 dos:
547 4075 716 4138 Hotnoyiunt
727 4084 752 4123 et
766 4075 912 4138 recognitio
925 4074 971 4124 bec
985 4076 1043 4134 fuit
1058 4073 1135 4140 virli]
1156 4075 1235 4123 illius
1253 4089 1317 4137 quoe
1328 4073 1393 4137 fecit
1406 4073 1475 4122 Ber·

412 4165 487 4214 modi
498 4165 605 4214 domurn
619 4163 739 4214 heredem
755 4163 820 4228 (xv10
836 4163 879 4228 m).
899 4162 981 4214 eote:
1000 4163 1029 4222 C,
1044 4162 1073 4212 31
1087 4178 1092 4225 ;
1108 4163 1129 4211 F
1151 4162 1205 4212 328.

452 4413 552 4476 22¹1.
721 4416 773 4474 Lo
789 4414 1164 4489 monce-unornane,
1178 4415 1221 4474 18
1237 4416 1313 4475 orat
1332 4412 1430 4473 1367.

809 4545 908 4625 (Voir
928 4554 965 4608 πο
986 4547 1072 4626 225).

453 4680 608 4739 Nosvero
624 4679 716 4757 prior
731 4680 893 4749 cartusie,
911 4680 1080 4757 ceterique
1108 4679 1309 4742 diffinitores
1339 4679 1477 4760 capituli

414 4785 591 4859 generalis,
625 4785 734 4846 omnia
759 4787 891 4862 singula
920 4786 1111 4864 supradicta
1150 4790 1306 4848 contenta
1334 4787 1369 4847 in
1396 4801 1476 4864 pre-
