3378 5608
688 704 731 754 on
751 703 915 754 nnnrann.
1278 687 1338 752 253

270 851 399 914 Meanis
415 854 449 914 et
457 853 556 930 juxte
570 851 689 914 bedale
706 850 792 930 quod
804 848 960 913 decendit
975 847 1330 922 chetraMauro,...

271 975 333 1040 pro
348 976 412 1038 qno
427 959 507 1022 facit
527 1005 574 1023 ...
595 975 697 1021 unum
711 957 786 1020 den.
810 957 845 1020 et
868 957 948 1020 tacit
971 955 1142 1020 dimidium
1157 956 1337 1020 sestarium

272 1065 396 1130 lavoris
411 1067 446 1129 in
461 1067 547 1130 dicta
561 1069 652 1128 terra
667 1064 949 1130 excrescentis...

311 1254 415 1319 241.
805 1254 934 1328 Larem,
950 1253 996 1316 22
1008 1245 1144 1326 sterion
1156 1249 1296 1332 138617.

309 1404 371 1451 nn.
384 1390 414 1464 ἓ.
434 1390 530 1449 Anno
545 1403 610 1465 quo
634 1402 749 1466 supra,
770 1397 859 1450 xxrr
879 1385 933 1448 die
954 1385 1080 1449 mensis
1104 1385 1275 1461 februarii,
1295 1384 1339 1448 ad

270 1494 469 1558 instanciam
491 1493 604 1556 fratris
626 1492 771 1556 iohanni
785 1485 986 1572 Bonardelli,
1000 1493 1044 1557 de·
1054 1495 1205 1568 Deserto,
1221 1509 1338 1573 procu·

270 1602 395 1666 ratoris
411 1601 491 1664 dicti
514 1601 721 1679 monasterii,
733 1601 875 1665 Jacobus
904 1600 1071 1664 Monachi.
1085 1647 1112 1665 ..
1142 1599 1340 1678 recognovit

353 1707 487 1771 vineam
599 1708 639 1770 ad
674 1711 823 1772 Vincam
845 1709 1012 1784 Soletum,
1039 1710 1136 1786 juxta
1160 1707 1270 1770 rivum
1296 1706 1339 1770 de

271 1815 472 1888 dinoscet
490 1818 588 1894 juxta
610 1815 698 1876 viam
713 1831 775 1896 per
796 1831 895 1893 quam
920 1815 988 1880 itur
1008 1816 1100 1878 retro
1120 1814 1259 1878 Pedium
1271 1813 1339 1876 Gil-

271 1921 523 1985 bandietviam
538 1937 713 2003 perquam
729 1922 797 1984 itur
820 1923 861 1984 ad
885 1921 1141 1999 molendinum„
1153 1967 1180 1984 ..
1200 1934 1340 2002 proque

348 2027 519 2091 servit
552 2045 653 2090 unam
685 2027 961 2109 parpaliolam...
994 2031 1113 2092 Actum
1136 2027 1172 2091 in
1195 2027 1270 2091 loco
1299 2025 1340 2089 de

272 2138 410 2213 Lazero,
437 2135 472 2198 in
495 2136 590 2198 domo
612 2135 728 2199 Poncii
750 2137 888 2199 Lunarii
905 2153 912 2210 ;
928 2136 1068 2200 testibus
1088 2152 1164 2203 ...:
1190 2136 1340 2213 Guigone

275 2241 421 2306 achardi
433 2246 468 2306 et
481 2244 657 2306 salvatore
667 2243 831 2322 Hugonis.
844 2293 851 2306 .
864 2291 871 2305 .

313 2365 388 2416 x111.
413 2350 440 2431 5.
466 2351 627 2416 Girardus
647 2351 833 2428 Vincencii,
860 2352 901 2415 de
923 2355 1062 2428 Lazaro,
1158 2355 1339 2416 terram...

275 2457 317 2519 ad
331 2456 468 2538 planum
484 2460 598 2522 Sancti
613 2458 749 2538 tuliani,
774 2461 874 2537 jnxta
901 2461 1028 2523 terram
1042 2457 1138 2522 Petri
1151 2457 1300 2522 Bontosii
1311 2462 1349 2522 et

271 2567 370 2644 juxta
387 2569 514 2629 terram
529 2567 623 2630 Petri
638 2565 832 2643 chabrath..
845 2615 853 2630 .
866 2615 873 2630 .
886 2584 989 2630 unum
1005 2567 1184 2631 sestarium
1200 2583 1345 2642 annone,

347 2673 561 2737 medietatem
575 2673 763 2736 venationis
794 2677 827 2737 et
853 2674 1068 2738 medietatem
1083 2675 1235 2754 atesegni
1249 2673 1347 2738 erbo-

275 2795 404 2844 rum...
422 2783 493 2858 Ego
505 2780 677 2845 iohannes
691 2782 884 2860 sarraceni,
900 2781 1066 2847 notarius.
1079 2827 1108 2848 ..
1125 2781 1161 2864 †.

278 2905 281 2910 ’
317 2941 418 3008 aaa.
761 2945 951 3021 venravon,
966 2945 1010 3007 14
1023 2942 1304 3026 temerraeesr.

516 3082 564 3142 Da
590 3081 773 3144 venracno
803 3077 1103 3162 nr[co]omc10nns.

320 3212 386 3294 (111⁸
394 3211 521 3294 pellis).
538 3229 631 3279 nius.
652 3216 749 3277 anno
773 3213 903 3278 Domini
924 3214 1101 3278 millesimo
1117 3213 1347 3279 tricentesimo

280 3321 504 3399 octuagesimo
519 3324 616 3384 sexto
632 3324 667 3385 et
678 3321 732 3385 die
748 3324 868 3401 quarta
882 3321 1015 3386 decima
1032 3321 1202 3398 febroarii,
1220 3322 1261 3386 ad
1276 3322 1348 3385 ins-

282 3427 427 3492 tanciam
440 3443 516 3492 ven.
531 3430 565 3491 et
582 3428 735 3508 religiosi
756 3429 820 3492 viri
833 3429 918 3492 dom¹
932 3430 1106 3494 Laurentii
1120 3430 1241 3506 amati,
1256 3429 1347 3494 vica-

283 3535 325 3596 rii
340 3536 536 3600 monasterii
552 3535 593 3598 de
606 3535 787 3614 Bertaudc,
804 3535 1025 3618 Vapinccnsis
1042 3536 1205 3617 dyocesis,
1223 3537 1349 3600 ordinis

285 3641 556 3719 ccreoscereos,
581 3644 735 3707 homines
759 3646 793 3707 et
806 3643 1188 3727 personeinirascripte,
1205 3644 1348 3709 deven-

283 3753 395 3827 taono,
423 3751 570 3815 confessi
598 3751 734 3815 fuerunt
757 3753 875 3818 tenere
900 3753 942 3816 de
967 3752 1111 3816 dominio
1138 3751 1173 3818 ot
1193 3751 1349 3817 senhoria

284 3857 364 3920 dicti
388 3858 650 3924 monasterii

322 3965 467 4029 Porcius
501 3965 733 4046 tonsorandi„
755 4013 789 4032 ..
823 3967 1044 4046 recognovit.
1066 4016 1073 4031 .
1095 4013 1103 4029 .
1130 3967 1287 4032 domum.
1306 4015 1314 4034 .
1336 4011 1343 4029 .

283 4071 372 4135 inira
400 4075 546 4136 castrum
584 4074 632 4136 de
662 4072 857 4149 Ventaono,
888 4076 988 4152 juxta
1028 4073 1161 4138 domum
1186 4074 1349 4139 heredum

283 4178 443 4243 iohannis
459 4179 582 4243 Githini
603 4183 637 4243 et
654 4183 753 4259 juxta
776 4181 909 4244 domum
932 4181 1101 4246 Guillelmi
1121 4181 1344 4258 Alhaud13...

284 4286 364 4351 facit
386 4304 505 4351 novem
529 4287 604 4351 den.
622 4287 664 4349 de
680 4287 822 4351 servicio
836 4291 871 4351 et
889 4287 1018 4352 lesdam
1044 4290 1086 4353 de
1107 4289 1173 4352 hiis
1195 4306 1259 4369 qne
1272 4306 1350 4353 ven-

284 4394 512 4458 venderentnr
539 4395 575 4458 in
594 4393 684 4458 dicto
709 4393 925 4475 hospicio
964 4397 1084 4460 Actum
1112 4395 1289 4475 Ventaoni,
1314 4395 1349 4460 in

285 4503 426 4581 grangia
452 4501 532 4566 dicti
556 4501 773 4578 monasterii;
796 4502 1001 4567 testibus...:
1017 4504 1142 4568 Jacoho
1165 4503 1286 4581 Floris,
1308 4503 1350 4568 de

285 4609 471 4684 Ventaono,
487 4611 521 4671 et
535 4607 680 4672 Giraudo
694 4608 791 4688 Picti,
804 4609 845 4674 de
860 4609 1038 4691 parrochia
1053 4611 1168 4676 Sancti
1188 4611 1351 4695 Stephani

285 4715 318 4778 in
331 4716 512 4780 Devolodio
527 4734 535 4792 ;
552 4720 651 4780 etms
663 4715 817 4782 iohanne
832 4720 1021 4796 sarraceni,
1039 4715 1182 4784 notario.

325 4821 414 4904 nni
494 4824 699 4891 Bertrandns
710 4825 884 4904 Bernardi,
900 4826 942 4890 de
953 4829 1157 4908 ventosne„
1168 4875 1201 4896 ..
1217 4828 1350 4901 riam
