3378 5608
412 675 472 740 282
782 688 927 738 cataras
949 689 991 736 on
1010 689 1101 738 ΝΛ).
1189 679 1192 688 ⁴

413 835 604 915 familiares,
620 851 705 900 anno
718 835 873 916 quolibet,
887 839 1039 916 tempora
1052 836 1229 911 messium,
1253 884 1259 896 .
1273 883 1298 897 ..
1330 839 1364 899 et
1383 839 1471 916 quod

414 944 493 1008 dicti
508 943 708 1024 emphitoote
721 943 825 1005 dictos
842 959 960 1005 census
974 943 1105 1021 argenti
1128 946 1163 1005 et
1171 943 1309 1019 lavoris,
1320 947 1356 1006 ut
1369 961 1471 1025 supra

414 1051 695 1124 cavetursoivere
710 1053 889 1112 teneantur
899 1050 971 1113 sine
986 1049 1249 1114 contradictione
1260 1068 1469 1129 quacunque,

413 1158 543 1240 precize
558 1159 591 1220 et
605 1157 761 1232 sinclita,
777 1173 933 1220 unacum
948 1157 1100 1220 omnibus
1120 1158 1281 1238 dampnis,
1298 1158 1468 1233 disturbis‚

414 1263 661 1342 gravaminibus
697 1268 730 1326 et
764 1265 983 1328 interesse...
1022 1266 1088 1327 Pro
1132 1265 1275 1343 intragio
1313 1265 1471 1328 habuisse

413 1369 549 1434 suerunt
572 1371 715 1434 confessi
739 1371 859 1449 viginti
885 1373 1030 1435 florenos
1058 1374 1190 1434 monete
1213 1371 1336 1434 domini
1363 1371 1472 1434 nostri

411 1479 515 1558 Pape.
528 1525 555 1540 ..
574 1478 659 1540 Dicti
670 1478 872 1558 emphitoote
887 1482 1067 1542 teneantur
1080 1481 1114 1541 et
1126 1479 1192 1541 sint
1203 1479 1344 1556 astricti,
1363 1482 1396 1542 et
1417 1479 1471 1542 sui

412 1583 447 1649 in
461 1587 631 1664 posterum
645 1600 857 1647 successores
870 1586 983 1647 domos
1008 1585 1094 1647 dicte
1122 1585 1261 1663 grangia
1286 1585 1466 1660 edifficare,

413 1691 615 1768 domificare,
653 1695 848 1754 construere
879 1696 914 1754 et
941 1709 1120 1772 reparare,
1151 1709 1213 1771 que
1250 1693 1367 1755 domus
1393 1697 1471 1755 sunt

414 1799 544 1879 dirupto
571 1803 604 1863 et
627 1803 789 1862 venerunt
812 1800 845 1862 in
874 1817 1029 1878 ruynam;
1058 1803 1092 1862 et
1103 1816 1314 1878 quascunque
1336 1816 1469 1880 posses·

413 1908 524 1970 aiones
539 1923 659 1985 regere
673 1907 861 1984 gubernare
877 1910 910 1968 et
922 1907 1083 1969 cultivare
1096 1911 1153 1969 aut
1169 1907 1334 1969 cultivare
1356 1907 1470 1970 iacere

411 2029 594 2094 proposse,
609 2015 646 2074 ut
661 2029 736 2075 suas
753 2014 915 2093 proprias,
933 2013 1090 2088 totaliter,
1117 2018 1150 2077 et
1172 2014 1206 2075 in
1222 2013 1311 2076 bunc
1335 2013 1469 2076 modum

412 2121 497 2199 quod
513 2121 628 2183 domus
639 2121 703 2182 alie
714 2122 943 2201 possessiones
956 2125 990 2184 et
1000 2121 1221 2200 proprietates
1231 2121 1319 2184 dicte
1329 2121 1469 2199 grangia

413 2244 479 2290 non
494 2228 669 2290 diruantur
681 2229 811 2308 penitus
824 2244 886 2290 nec
900 2229 1144 2292 deteriorentur
1157 2228 1225 2290 ullo
1242 2228 1356 2301 modo;
1373 2228 1469 2306 quin-

412 2353 486 2418 ymo
499 2335 591 2415 ipsas
606 2335 834 2415 possessiones
850 2337 884 2398 et
899 2335 1012 2397 domos
1028 2351 1089 2415 pro
1113 2351 1213 2414 posse
1235 2334 1416 2396 meliorare
1435 2337 1470 2396 et

412 2443 633 2523 multiplicare
667 2446 853 2520 teneantur,
881 2445 979 2522 prout
1009 2442 1213 2522 emphitoote
1245 2441 1468 2522 proprietates¹

411 2567 508 2630 quam
552 2550 586 2611 in
621 2549 851 2628 emphiteosim
887 2553 1001 2612 tenent
1109 2551 1353 2613 Concesserunt
1388 2548 1470 2611 dicti

412 2658 547 2737 dompni
558 2656 743 2719 affictantes
759 2656 855 2718 dictis
867 2656 1207 2736 emphiteotis..cum
1223 2655 1340 2735 pactis,
1353 2656 1469 2717 formis

411 2768 446 2826 et
458 2764 710 2839 conditionibus,
722 2763 995 2826 conventionibus
1008 2767 1040 2826 et
1049 2763 1468 2825 retentionibusbicsoria-

411 2872 469 2934 tim
481 2871 656 2950 descriptis
667 2871 701 2934 et
716 2871 1006 2949 subsequentibus.
1020 2917 1046 2933 ..
1063 2871 1097 2931 Si
1108 2887 1205 2932 casus
1216 2870 1368 2932 eveniret
1381 2869 1469 2948 quod

410 2978 672 3058 supranominati
687 2977 889 3057 emphitoote
904 2979 957 3039 vel
969 2977 1030 3055 sui,
1040 2994 1101 3057 per
1114 2977 1469 3060 mortalitem‚guerras

409 3085 463 3147 vel
477 3086 560 3148 alios
572 3101 666 3148 casus
682 3085 844 3158 fortuitos,
860 3100 926 3146 non
941 3088 1079 3164 possent
1093 3088 1210 3146 tenere
1228 3085 1282 3146 vel
1296 3083 1469 3163 possidere

411 3192 531 3255 dictam
546 3193 718 3271 grangiam
743 3193 784 3254 de
811 3195 963 3255 Rubious
990 3208 1064 3253 cum
1090 3207 1149 3254 suo
1173 3191 1355 3265 territorio,
1382 3191 1468 3269 quod

408 3299 532 3360 dictum
541 3299 827 3361 monasteriumde
837 3297 1026 3360 Bertbaudo
1035 3300 1190 3359 teneatur
1199 3300 1234 3359 et
1244 3297 1286 3358 sit
1295 3295 1468 3360 astrictum

408 3405 443 3467 in
453 3405 542 3468 bunc
552 3421 663 3468 casum
678 3406 798 3467 dictam
812 3405 983 3483 grangiam
994 3403 1147 3483 recipere
1160 3407 1194 3466 et
1208 3389 1416 3480 reintegrare
1430 3403 1467 3464 in

410 3511 655 3592 possessionem
675 3511 760 3574 dicte
784 3511 932 3590 grangis,
949 3511 1020 3573 sine
1048 3511 1307 3574 contradictione
1335 3513 1369 3572 ot
1396 3511 1471 3573 sine

413 3619 476 3681 alio
503 3621 609 3696 custu,
624 3619 739 3680 solutis
763 3619 855 3698 prius
876 3635 938 3698 per
964 3619 1068 3680 dictos
1085 3617 1307 3698 emphiteotas
1320 3618 1373 3679 vel
1391 3634 1470 3680 suos

411 3741 624 3788 successores
653 3724 806 3787 censibus
831 3728 865 3786 et
894 3724 1044 3786 serviciis
1073 3740 1175 3804 supra
1206 3723 1409 3802 expressatis
1435 3729 1472 3786 et

411 3831 613 3910 arreyragiis
640 3830 867 3903 serviciorum,
899 3830 928 3892 si
955 3847 1019 3908 que
1048 3830 1265 3892 deberentur.
1294 3832 1385 3904 Item,

410 3939 496 4017 quod
509 3939 549 3999 ab
564 3938 640 4001 inde
654 3939 687 4000 in
703 3941 802 4000 antea
815 3937 893 4000 dicti
909 3935 1109 4016 emphiteote
1127 3940 1161 3999 et
1176 3937 1227 3999 sui
1249 3938 1467 4018 imposterum

410 4062 622 4109 successores
646 4049 824 4107 teneantur
849 4049 883 4108 et
911 4045 976 4106 sint
996 4045 1136 4116 astricti,
1155 4047 1283 4106 tantum
1309 4050 1467 4124 quantum

408 4152 569 4215 tenebunt
583 4157 615 4215 et
629 4151 846 4232 possidebunt
858 4151 980 4214 dictum
996 4151 1157 4213 forestum
1167 4168 1226 4214 seu
1236 4152 1408 4230 grangiam
1425 4151 1467 4214 do

410 4258 566 4332 Rabious‚
583 4257 712 4320 solvere
727 4257 871 4320 decimas
886 4256 1008 4320 lavoris
1022 4261 1257 4337 cujuscumque
1272 4259 1416 4335 generis,
1434 4263 1468 4322 et

410 4367 549 4427 aliorum
564 4381 677 4427 rerum
692 4365 870 4444 prioribus
886 4365 1012 4428 curatis
1027 4369 1060 4428 et
1075 4365 1147 4428 aliis
1161 4365 1323 4445 personis,
1349 4365 1468 4443 quibus

409 4473 494 4535 dicte
509 4473 635 4534 decime
649 4473 863 4552 pertinebunt
878 4477 911 4534 et
926 4475 1117 4551 competent
1142 4489 1181 4535 ao
1208 4471 1307 4533 etiam
1332 4475 1469 4550 specta-

407 4579 489 4640 bunt
510 4579 582 4642 sine
595 4581 710 4658 quavis
726 4579 997 4642 contradictione.
1015 4582 1106 4652 Item,
1135 4627 1181 4643 ...
1210 4579 1306 4657 quod,
1334 4579 1363 4641 si
1378 4582 1471 4641 esset

407 4701 505 4748 casus
520 4686 606 4764 quod
626 4687 705 4748 dicti
727 4686 930 4765 emphitoote
955 4702 1021 4748 non
1049 4687 1178 4766 possint
1206 4690 1322 4749 tenere
1346 4685 1468 4748 dictam

409 4794 580 4874 grangiam
603 4794 659 4858 vel
671 4793 721 4858 sui
736 4793 875 4874 propter
889 4793 1280 4873 mortalitemguerram,
1302 4793 1357 4856 ret
1385 4792 1467 4858 alias
