3378 5608
399 657 457 715 214
778 667 922 716 curares
943 669 985 715 nn
1007 669 1089 716 u.·n.

438 818 510 889 Qua
524 813 638 877 littera
652 816 847 893 presentata
865 813 1000 888 eisdem,
1022 814 1135 877 littere
1150 817 1184 877 et
1196 815 1285 878 dicte
1299 817 1462 898 supplica-

401 923 507 984 tiones
519 921 697 984 antedictis
713 921 894 998 tenoribus
913 921 1035 1000 prelati
1053 919 1137 982 domi
1153 922 1285 1000 bajulus
1314 925 1348 984 et
1358 925 1463 1000 judex

401 1032 626 1109 preceperunt
645 1028 742 1090 citari
769 1028 892 1090 dictum
907 1028 1065 1108 {nobilem
1090 1029 1283 1104 Arnaldum,
1302 1033 1339 1092 ut
1362 1047 1465 1110 super

401 1136 663 1215 expositionibus
677 1139 710 1196 et
723 1135 881 1213 querelis,
897 1135 932 1196 in
962 1135 1047 1197 dicta
1071 1137 1313 1215 supplicatione
1325 1140 1462 1200 conten-

400 1243 453 1316 tis,
468 1243 502 1304 in
518 1241 728 1303 Sistaricensi
744 1240 837 1303 curia
857 1245 1051 1320 compareat
1067 1259 1178 1303 coram
1198 1243 1258 1318 eia,
1273 1242 1313 1305 de
1322 1243 1461 1320 Justicia

405 1346 669 1430 responsulrulm
683 1348 716 1409 in
732 1349 837 1410 torma
853 1348 1052 1428 subscripta.

447 1562 545 1624 196.
995 1560 1165 1638 sisterent,
1183 1565 1290 1623 ὀπταί
1303 1562 1423 1642 [1348].

443 1723 549 1784 Guido
574 1722 614 1784 de
639 1723 787 1796 llivioue,
814 1721 961 1800 bajulus,
989 1725 1023 1782 et
1051 1697 1244 1782 Guillelmus
1273 1721 1315 1782 de
1333 1721 1463 1796 Pedio,

400 1831 504 1908 judex
522 1829 684 1903 Sistarici,
702 1829 804 1890 nobili
819 1830 891 1889 viro
919 1827 1064 1889 Arnaldo
1080 1829 1184 1902 Flete,
1211 1827 1343 1888 domino
1362 1828 1469 1908 Rupis

406 1936 650 2010 Arnaudorum‚
672 1935 813 1997 salutem
838 1939 872 1996 et
901 1951 1048 1996 amorem
1077 1934 1256 1996 sincerum.
1281 1937 1344 1994 l'ro
1371 1937 1469 2014 parte

406 2041 601 2105 monasterii
624 2043 830 2103 dominarum
853 2041 1046 2102 monialium
1075 2041 1116 2102 de
1142 2041 1307 2102 Bertaudo
1333 2041 1470 2102 luerunt

406 2149 500 2212 nohis
527 2149 659 2210 noviter
685 2146 833 2210 exhibite
856 2147 982 2221 littore,
1010 2147 1136 2208 directe
1157 2148 1250 2208 nohis
1279 2163 1340 2226 per
1370 2148 1468 2208 domm

406 2257 627 2318 senescallum
643 2255 856 2316 comitatuum
872 2254 1049 2314 Provincia
1069 2257 1103 2314 et
1117 2257 1141 2314 F
1144 2254 1380 2331 orchalquerii,
1393 2271 1469 2315 cum

406 2363 649 2444 supplicatione
673 2361 815 2440 quadam
858 2360 892 2420 in
929 2361 1052 2422 eisdem
1091 2361 1285 2421 interclusa.
1321 2364 1468 2433 Quarum

404 2473 593 2533 litterarum
608 2469 804 2531 auctoritate
816 2467 919 2541 vobis,
936 2467 1147 2547 presencium
1163 2471 1289 2545 tenore,
1306 2484 1471 2546 expresse

401 2578 557 2655 jubemus
584 2579 765 2655 quatenus,
790 2574 844 2636 die
867 2589 914 2636 xv
942 2575 1065 2635 mensis
1093 2573 1259 2653 presentis
1284 2573 1407 2647 madii,
1433 2574 1467 2634 in

406 2685 499 2746 curia
524 2682 686 2758 Sistarlci,
711 2698 825 2743 coram
852 2680 945 2741 nobis
975 2696 1169 2758 comparere
1195 2681 1328 2754 curetis
1367 2697 1472 2759 super

407 2788 675 2868 exposioionibus
698 2791 732 2849 et
751 2787 898 2865 querelis
925 2788 1088 2849 contentis
1111 2787 1143 2846 iu
1169 2785 1264 2847 dictis
1292 2785 1413 2846 littoris
1435 2791 1469 2847 et

407 2895 648 2974 supplicatione
674 2894 714 2956 de
728 2895 865 2972 justicia
890 2911 1140 2972 responsurum.
1170 2895 1287 2954 Datum
1301 2891 1464 2964 Sistarici,

406 3001 509 3063 dieua
537 3001 662 3061 mensis
690 3000 800 3079 madii,
827 3000 934 3080 prime
955 2999 1153 3062 indictionis.
1171 2997 1312 3060 Reddite
1339 2998 1469 3060 litteras

405 3106 620 3188 presentanti.

968 3209 976 3238 t

449 3293 550 3356 19⁷.
1033 3294 1194 3366 sistolen,
1207 3294 1227 3352 5
1242 3294 1318 3352 ruat
1331 3291 1426 3352 1348.

436 3469 458 3514 u
473 3452 607 3514 nomine
622 3450 751 3512 Domini
767 3451 870 3512 nostri
884 3451 987 3512 Jhesu
1000 3450 1120 3530 Xpisti;
1141 3453 1347 3512 amendam
1360 3450 1469 3511 incar-

409 3477 431 3622 l
457 3557 601 3619 nationis
618 3558 764 3634 ejusdem
780 3560 826 3618 Μο
841 3559 929 3618 CCG⁰
943 3559 1086 3631 libitui,
1103 3557 1156 3617 die
1174 3574 1196 3617 v
1214 3556 1337 3618 mensis
1356 3556 1470 3633 madii,

409 3665 515 3743 prime
526 3664 727 3725 indictionis.
749 3663 870 3726 Notum
885 3665 927 3724 sit
945 3711 993 3726 ...
1014 3663 1101 3741 quod
1116 3664 1221 3724 irater
1248 3661 1387 3724 Pontius
1403 3661 1467 3722 Mi-

409 3769 546 3845 chaelis,
562 3775 762 3850 procurator
783 3820 829 3835 ...
849 3771 1043 3833 monasterii
1058 3771 1099 3833 de
1113 3769 1281 3832 Bertaudo
1297 3773 1331 3831 et
1345 3769 1469 3830 monia-

406 3876 487 3938 lium
526 3878 720 3939 monasterii
755 3877 915 3955 eiusdem,
947 3877 1152 3957 presentavit
1191 3875 1355 3938 nobilibus
1384 3875 1468 3938 uiris

407 3983 548 4044 dominis
579 3984 718 4045 (luidoni
746 3985 787 4045 de
818 3985 968 4060 Divione‚
998 3983 1121 4062 bajulo,
1151 3987 1184 4046 et
1216 3983 1392 4044 Guillolmo
1428 3982 1471 4044 de

408 4087 523 4160 podio,
533 4089 639 4165 judici
655 4089 816 4164 Sistarici,
834 4090 997 4166 quandam
1013 4091 1157 4152 litteram
1178 4091 1339 4164 clausam,
1359 4089 1468 4169 sigillo

409 4192 608 4255 senescallie
621 4194 833 4256 comitatuum
849 4195 1024 4257 Provincia
1036 4201 1069 4258 et
1082 4195 1332 4274 Forchalquerii
1345 4195 1471 4272 sigilla-

409 4300 486 4372 tam,
504 4315 577 4360 cum
606 4301 846 4379 supplicatione
874 4300 1013 4375 inclusa,
1039 4303 1165 4363 tenoris
1192 4305 1226 4363 et
1255 4302 1470 4364 contineneie

411 4403 641 4482 subsequentis
658 4407 748 4486 (coir
761 4416 811 4468 22⁰·
826 4410 902 4481 194,
918 4411 982 4468 195
995 4417 1026 4471 et
1042 4410 1133 4490 196).

449 4511 584 4588 Deinde,
601 4514 835 4589 incontinenti,
854 4514 977 4576 dictum
993 4515 1129 4578 fratrem
1145 4515 1305 4577 Ponoium
1330 4533 1470 4596 presen-

409 4623 520 4684 tem...
537 4621 780 4699 requiesierunt
796 4620 937 4699 [baJulus
955 4623 989 4682 et
1002 4619 1118 4698 judex]
1135 4621 1218 4698 quod
1239 4621 1351 4682 tradat
1367 4622 1470 4682 inler-

410 4726 578 4788 maciones
607 4743 687 4803 quas
716 4726 849 4787 tradere
870 4725 1023 4805 voluerit,
1051 4725 1184 4788 nomine
1213 4727 1411 4790 monasterii
1436 4733 1467 4791 et
