<?xml version="1.0" encoding="UTF-8"?>
<!DOCTYPE html PUBLIC "-//W3C//DTD XHTML 1.0 Transitional//EN"
    "http://www.w3.org/TR/xhtml1/DTD/xhtml1-transitional.dtd">
<html xmlns="http://www.w3.org/1999/xhtml" xml:lang="en" lang="en">
 <head>
  <title>
</title>
<meta http-equiv="Content-Type" content="text/html;charset=utf-8" />
  <meta name='ocr-system' content='tesseract 3.04.00' />
  <meta name='ocr-capabilities' content='ocr_page ocr_carea ocr_par ocr_line ocrx_word'/>
</head>
<body>
  <div class='ocr_page' id='page_1' title='image "./chartesdenddebe00alpgoog_0339.png"; bbox 0 0 3378 5608; ppageno 0'>
   <div class='ocr_carea' id='block_1_1' title="bbox 454 667 1143 734">
    <p class='ocr_par' dir='ltr' id='par_1_1' title="bbox 454 667 1143 734">
     <span class='ocr_line' id='line_1_1' title="bbox 454 667 1143 734; baseline 0 -4"><span class='ocrx_word' id='word_1_1' title='bbox 454 667 515 730; x_wconf 79' lang='lat'>272</span> <span class='ocrx_word' id='word_1_2' title='bbox 825 681 971 734; x_wconf 77' lang='lat' dir='ltr'>maurus</span> <span class='ocrx_word' id='word_1_3' title='bbox 991 683 1033 734; x_wconf 77' lang='lat' dir='ltr'>nu</span> <span class='ocrx_word' id='word_1_4' title='bbox 1053 685 1143 734; x_wconf 83' lang='lat' dir='ltr'>u.-o.</span> 
     </span>
    </p>
   </div>
   <div class='ocr_carea' id='block_1_2' title="bbox 386 827 1515 4877">
    <p class='ocr_par' dir='ltr' id='par_1_2' title="bbox 386 827 1515 4877">
     <span class='ocr_line' id='line_1_2' title="bbox 454 827 1514 910; baseline 0.005 -21"><span class='ocrx_word' id='word_1_5' title='bbox 454 827 563 890; x_wconf 89' lang='lat' dir='ltr'>dietus</span> <span class='ocrx_word' id='word_1_6' title='bbox 592 828 721 891; x_wconf 91' lang='lat' dir='ltr'>donnus</span> <span class='ocrx_word' id='word_1_7' title='bbox 750 829 895 892; x_wconf 82' lang='lat' dir='ltr'>vicarius</span> <span class='ocrx_word' id='word_1_8' title='bbox 923 829 1014 893; x_wconf 91' lang='lat' dir='ltr'>litem</span> <span class='ocrx_word' id='word_1_9' title='bbox 1052 846 1111 893; x_wconf 93' lang='lat' dir='ltr'>seu</span> <span class='ocrx_word' id='word_1_10' title='bbox 1139 831 1343 910; x_wconf 79' lang='lat' dir='ltr'><strong>questionem</strong></span> <span class='ocrx_word' id='word_1_11' title='bbox 1372 831 1514 910; x_wconf 84' lang='lat' dir='ltr'>aliquam</span> 
     </span>
     <span class='ocr_line' id='line_1_3' title="bbox 452 935 1512 1016; baseline 0.002 -19"><span class='ocrx_word' id='word_1_12' title='bbox 452 935 594 997; x_wconf 89' lang='lat' dir='ltr'>ulterius</span> <span class='ocrx_word' id='word_1_13' title='bbox 607 935 649 998; x_wconf 91' lang='lat' dir='ltr'>de</span> <span class='ocrx_word' id='word_1_14' title='bbox 660 936 832 1016; x_wconf 87' lang='lat' dir='ltr'>premissis</span> <span class='ocrx_word' id='word_1_15' title='bbox 846 937 1021 1014; x_wconf 81' lang='lat' dir='ltr'><strong>insurgere</strong></span> <span class='ocrx_word' id='word_1_16' title='bbox 1031 936 1081 998; x_wconf 91' lang='lat' dir='ltr'>eis</span> <span class='ocrx_word' id='word_1_17' title='bbox 1097 937 1260 1000; x_wconf 87' lang='lat' dir='ltr'>suscitare</span> <span class='ocrx_word' id='word_1_18' title='bbox 1275 953 1342 1000; x_wconf 92' lang='lat' dir='ltr'>non</span> <span class='ocrx_word' id='word_1_19' title='bbox 1354 937 1512 1010; x_wconf 61' lang='lat' dir='ltr'>debebam</span> 
     </span>
     <span class='ocr_line' id='line_1_4' title="bbox 451 1039 1515 1120; baseline 0.003 -18"><span class='ocrx_word' id='word_1_20' title='bbox 451 1039 616 1120; x_wconf 88' lang='lat' dir='ltr'>prelibato</span> <span class='ocrx_word' id='word_1_21' title='bbox 643 1041 751 1103; x_wconf 92' lang='lat' dir='ltr'>donno</span> <span class='ocrx_word' id='word_1_22' title='bbox 776 1041 902 1104; x_wconf 84' lang='lat' dir='ltr'>vicario</span> <span class='ocrx_word' id='word_1_23' title='bbox 927 1043 960 1103; x_wconf 96' lang='lat' dir='ltr'>in</span> <span class='ocrx_word' id='word_1_24' title='bbox 976 1041 1180 1105; x_wconf 90' lang='lat' dir='ltr'>contrarium</span> <span class='ocrx_word' id='word_1_25' title='bbox 1203 1042 1309 1104; x_wconf 90' lang='lat' dir='ltr'>adbuc</span> <span class='ocrx_word' id='word_1_26' title='bbox 1334 1041 1467 1105; x_wconf 90' lang='lat' dir='ltr'>dicente</span> <span class='ocrx_word' id='word_1_27' title='bbox 1481 1047 1515 1105; x_wconf 91' lang='lat' dir='ltr'>et</span> 
     </span>
     <span class='ocr_line' id='line_1_5' title="bbox 450 1146 1513 1227; baseline 0.004 -20"><span class='ocrx_word' id='word_1_28' title='bbox 450 1146 635 1227; x_wconf 81' lang='lat' dir='ltr'>replicante</span> <span class='ocrx_word' id='word_1_29' title='bbox 652 1161 690 1209; x_wconf 86' lang='lat' dir='ltr'>se</span> <span class='ocrx_word' id='word_1_30' title='bbox 713 1148 754 1210; x_wconf 91' lang='lat' dir='ltr'>de</span> <span class='ocrx_word' id='word_1_31' title='bbox 782 1147 957 1227; x_wconf 89' lang='lat' dir='ltr'>premissis</span> <span class='ocrx_word' id='word_1_32' title='bbox 985 1165 1153 1227; x_wconf 87' lang='lat' dir='ltr'>nunquam</span> <span class='ocrx_word' id='word_1_33' title='bbox 1177 1165 1251 1212; x_wconf 89' lang='lat' dir='ltr'>esse</span> <span class='ocrx_word' id='word_1_34' title='bbox 1275 1165 1383 1227; x_wconf 87' lang='lat' dir='ltr'>neque</span> <span class='ocrx_word' id='word_1_35' title='bbox 1411 1149 1513 1211; x_wconf 81' lang='lat' dir='ltr'>luisse</span> 
     </span>
     <span class='ocr_line' id='line_1_6' title="bbox 451 1253 1512 1335; baseline 0 -19"><span class='ocrx_word' id='word_1_36' title='bbox 451 1256 697 1318; x_wconf 89' lang='lat' dir='ltr'>contentum...</span> <span class='ocrx_word' id='word_1_37' title='bbox 715 1253 863 1316; x_wconf 78' lang='lat' dir='ltr'>Tandem</span> <span class='ocrx_word' id='word_1_38' title='bbox 879 1253 981 1334; x_wconf 86' lang='lat' dir='ltr'>[dicte</span> <span class='ocrx_word' id='word_1_39' title='bbox 1002 1253 1127 1335; x_wconf 86' lang='lat' dir='ltr'>partes]</span> <span class='ocrx_word' id='word_1_40' title='bbox 1152 1255 1399 1333; x_wconf 85' lang='lat' dir='ltr'>requisiverunt</span> <span class='ocrx_word' id='word_1_41' title='bbox 1419 1255 1512 1316; x_wconf 91' lang='lat' dir='ltr'>nobi·</span> 
     </span>
     <span class='ocr_line' id='line_1_7' title="bbox 448 1357 1511 1441; baseline 0.001 -20"><span class='ocrx_word' id='word_1_42' title='bbox 448 1359 513 1422; x_wconf 91' lang='lat' dir='ltr'>lem</span> <span class='ocrx_word' id='word_1_43' title='bbox 537 1362 573 1422; x_wconf 89' lang='lat' dir='ltr'>ot</span> <span class='ocrx_word' id='word_1_44' title='bbox 595 1357 872 1441; x_wconf 84' lang='lat' dir='ltr'>circumspectum</span> <span class='ocrx_word' id='word_1_45' title='bbox 896 1361 1003 1423; x_wconf 90' lang='lat' dir='ltr'>virum</span> <span class='ocrx_word' id='word_1_46' title='bbox 1028 1361 1125 1422; x_wconf 76' lang='lat' dir='ltr'>domm</span> <span class='ocrx_word' id='word_1_47' title='bbox 1145 1361 1337 1422; x_wconf 85' lang='lat' dir='ltr'>Arnaudum</span> <span class='ocrx_word' id='word_1_48' title='bbox 1360 1361 1511 1440; x_wconf 87' lang='lat' dir='ltr'>Baronis,</span> 
     </span>
     <span class='ocr_line' id='line_1_8' title="bbox 442 1465 1511 1547; baseline 0.003 -20"><span class='ocrx_word' id='word_1_49' title='bbox 442 1465 531 1544; x_wconf 82' lang='lat' dir='ltr'>juris</span> <span class='ocrx_word' id='word_1_50' title='bbox 552 1466 724 1545; x_wconf 88' lang='lat' dir='ltr'>utriusque</span> <span class='ocrx_word' id='word_1_51' title='bbox 751 1467 907 1547; x_wconf 91' lang='lat' dir='ltr'>peritum,</span> <span class='ocrx_word' id='word_1_52' title='bbox 929 1467 1075 1545; x_wconf 90' lang='lat' dir='ltr'>judicem</span> <span class='ocrx_word' id='word_1_53' title='bbox 1096 1465 1301 1528; x_wconf 90' lang='lat' dir='ltr'>ordinarium</span> <span class='ocrx_word' id='word_1_54' title='bbox 1324 1467 1511 1542; x_wconf 91' lang='lat' dir='ltr'>curietem-</span> 
     </span>
     <span class='ocr_line' id='line_1_9' title="bbox 446 1571 1509 1654; baseline -0.001 -17"><span class='ocrx_word' id='word_1_55' title='bbox 446 1572 572 1653; x_wconf 76' lang='lat' dir='ltr'>parulis</span> <span class='ocrx_word' id='word_1_56' title='bbox 586 1571 727 1636; x_wconf 86' lang='lat' dir='ltr'>civitatis</span> <span class='ocrx_word' id='word_1_57' title='bbox 751 1573 891 1654; x_wconf 89' lang='lat' dir='ltr'>Vapinci</span> <span class='ocrx_word' id='word_1_58' title='bbox 906 1575 941 1636; x_wconf 93' lang='lat' dir='ltr'>et</span> <span class='ocrx_word' id='word_1_59' title='bbox 954 1574 1055 1636; x_wconf 89' lang='lat' dir='ltr'>totius</span> <span class='ocrx_word' id='word_1_60' title='bbox 1076 1573 1213 1636; x_wconf 87' lang='lat' dir='ltr'>alterius</span> <span class='ocrx_word' id='word_1_61' title='bbox 1228 1577 1321 1636; x_wconf 88' lang='lat' dir='ltr'>terre</span> <span class='ocrx_word' id='word_1_62' title='bbox 1340 1577 1509 1654; x_wconf 90' lang='lat' dir='ltr'>tempora·</span> 
     </span>
     <span class='ocr_line' id='line_1_10' title="bbox 445 1679 1508 1760; baseline 0.003 -19"><span class='ocrx_word' id='word_1_63' title='bbox 445 1679 487 1741; x_wconf 90' lang='lat' dir='ltr'>lis</span> <span class='ocrx_word' id='word_1_64' title='bbox 513 1681 656 1750; x_wconf 88' lang='lat' dir='ltr'>ecclesie</span> <span class='ocrx_word' id='word_1_65' title='bbox 679 1681 912 1760; x_wconf 79' lang='lat' dir='ltr'>vapincensis,</span> <span class='ocrx_word' id='word_1_66' title='bbox 939 1680 1131 1759; x_wconf 88' lang='lat' dir='ltr'>quatbinus.</span> <span class='ocrx_word' id='word_1_67' title='bbox 1145 1727 1172 1744; x_wconf 93' lang='lat'>..</span> <span class='ocrx_word' id='word_1_68' title='bbox 1193 1697 1230 1743; x_wconf 91' lang='lat' dir='ltr'>se</span> <span class='ocrx_word' id='word_1_69' title='bbox 1253 1682 1388 1745; x_wconf 87' lang='lat' dir='ltr'>velit...</span> <span class='ocrx_word' id='word_1_70' title='bbox 1407 1681 1508 1744; x_wconf 82' lang='lat' dir='ltr'>insor-</span> 
     </span>
     <span class='ocr_line' id='line_1_11' title="bbox 444 1787 1501 1868; baseline 0.001 -19"><span class='ocrx_word' id='word_1_71' title='bbox 444 1803 551 1850; x_wconf 89' lang='lat' dir='ltr'>mare.</span> <span class='ocrx_word' id='word_1_72' title='bbox 564 1835 591 1850; x_wconf 92' lang='lat'>..</span> <span class='ocrx_word' id='word_1_73' title='bbox 608 1787 692 1868; x_wconf 85' lang='lat' dir='ltr'>[Qui]</span> <span class='ocrx_word' id='word_1_74' title='bbox 708 1787 789 1850; x_wconf 89' lang='lat' dir='ltr'>ita..</span> <span class='ocrx_word' id='word_1_75' title='bbox 803 1836 810 1851; x_wconf 93' lang='lat'><strong>.</strong></span> <span class='ocrx_word' id='word_1_76' title='bbox 831 1787 1000 1850; x_wconf 84' lang='lat' dir='ltr'>ordinavit</span> <span class='ocrx_word' id='word_1_77' title='bbox 1015 1791 1048 1850; x_wconf 92' lang='lat' dir='ltr'>et</span> <span class='ocrx_word' id='word_1_78' title='bbox 1063 1788 1254 1850; x_wconf 84' lang='lat' dir='ltr'>declaravit.</span> <span class='ocrx_word' id='word_1_79' title='bbox 1292 1791 1328 1850; x_wconf 93' lang='lat' dir='ltr'>In</span> <span class='ocrx_word' id='word_1_80' title='bbox 1343 1787 1501 1868; x_wconf 88' lang='lat' dir='ltr'>primis...</span> 
     </span>
     <span class='ocr_line' id='line_1_12' title="bbox 444 1895 1505 1976; baseline 0 -19"><span class='ocrx_word' id='word_1_81' title='bbox 444 1895 528 1973; x_wconf 89' lang='lat' dir='ltr'>quod</span> <span class='ocrx_word' id='word_1_82' title='bbox 546 1899 726 1974; x_wconf 74' lang='lat' dir='ltr'>maleque</span> <span class='ocrx_word' id='word_1_83' title='bbox 747 1895 882 1957; x_wconf 80' lang='lat' dir='ltr'>fuerant</span> <span class='ocrx_word' id='word_1_84' title='bbox 905 1897 1112 1976; x_wconf 89' lang='lat' dir='ltr'>apposite...</span> <span class='ocrx_word' id='word_1_85' title='bbox 1139 1895 1180 1958; x_wconf 89' lang='lat' dir='ltr'>ad</span> <span class='ocrx_word' id='word_1_86' title='bbox 1196 1895 1389 1958; x_wconf 89' lang='lat' dir='ltr'>divisionem</span> <span class='ocrx_word' id='word_1_87' title='bbox 1415 1897 1505 1975; x_wconf 86' lang='lat' dir='ltr'>ipsa-</span> 
     </span>
     <span class='ocr_line' id='line_1_13' title="bbox 443 1988 1503 2085; baseline 0.003 -24"><span class='ocrx_word' id='word_1_88' title='bbox 443 1988 515 2062; x_wconf 75' lang='lat' dir='ltr'>rfim</span> <span class='ocrx_word' id='word_1_89' title='bbox 528 2001 778 2085; x_wconf 83' lang='lat' dir='ltr'>possessionum</span> <span class='ocrx_word' id='word_1_90' title='bbox 790 2005 823 2064; x_wconf 93' lang='lat' dir='ltr'>et</span> <span class='ocrx_word' id='word_1_91' title='bbox 837 2001 991 2076; x_wconf 87' lang='lat' dir='ltr'>broassii,</span> <span class='ocrx_word' id='word_1_92' title='bbox 1008 2001 1127 2064; x_wconf 89' lang='lat' dir='ltr'>ibidem</span> <span class='ocrx_word' id='word_1_93' title='bbox 1142 2005 1393 2064; x_wconf 85' lang='lat' dir='ltr'>remaneant...</span> <span class='ocrx_word' id='word_1_94' title='bbox 1411 2003 1503 2077; x_wconf 86' lang='lat' dir='ltr'>Item,</span> 
     </span>
     <span class='ocr_line' id='line_1_14' title="bbox 443 2085 1504 2188; baseline 0.001 -19"><span class='ocrx_word' id='word_1_95' title='bbox 443 2085 476 2169; x_wconf 79' lang='lat' dir='ltr'>et</span> <span class='ocrx_word' id='word_1_96' title='bbox 500 2107 631 2185; x_wconf 88' lang='lat' dir='ltr'>quia...</span> <span class='ocrx_word' id='word_1_97' title='bbox 653 2111 794 2188; x_wconf 91' lang='lat' dir='ltr'>apparet</span> <span class='ocrx_word' id='word_1_98' title='bbox 810 2107 908 2186; x_wconf 86' lang='lat' dir='ltr'>quod,</span> <span class='ocrx_word' id='word_1_99' title='bbox 925 2124 1044 2170; x_wconf 79' lang='lat' dir='ltr'>uersus</span> <span class='ocrx_word' id='word_1_100' title='bbox 1064 2107 1183 2187; x_wconf 85' lang='lat' dir='ltr'>pedem</span> <span class='ocrx_word' id='word_1_101' title='bbox 1199 2107 1289 2170; x_wconf 90' lang='lat' dir='ltr'>dicte</span> <span class='ocrx_word' id='word_1_102' title='bbox 1305 2108 1404 2171; x_wconf 88' lang='lat' dir='ltr'>vinee</span> <span class='ocrx_word' id='word_1_103' title='bbox 1419 2108 1504 2188; x_wconf 91' lang='lat' dir='ltr'>ipso-</span> 
     </span>
     <span class='ocr_line' id='line_1_15' title="bbox 441 2213 1503 2295; baseline 0.002 -20"><span class='ocrx_word' id='word_1_104' title='bbox 441 2213 514 2275; x_wconf 91' lang='lat' dir='ltr'>ru&#39;m</span> <span class='ocrx_word' id='word_1_105' title='bbox 538 2215 630 2277; x_wconf 90' lang='lat' dir='ltr'>Petri</span> <span class='ocrx_word' id='word_1_106' title='bbox 653 2218 687 2280; x_wconf 91' lang='lat' dir='ltr'>et</span> <span class='ocrx_word' id='word_1_107' title='bbox 707 2215 857 2289; x_wconf 88' lang='lat' dir='ltr'>Ponceti,</span> <span class='ocrx_word' id='word_1_108' title='bbox 873 2215 922 2276; x_wconf 92' lang='lat' dir='ltr'>illi</span> <span class='ocrx_word' id='word_1_109' title='bbox 949 2215 1004 2292; x_wconf 89' lang='lat' dir='ltr'>qui</span> <span class='ocrx_word' id='word_1_110' title='bbox 1019 2215 1256 2295; x_wconf 89' lang='lat' dir='ltr'>plantaverunt</span> <span class='ocrx_word' id='word_1_111' title='bbox 1271 2263 1278 2276; x_wconf 92' lang='lat'><strong>.</strong></span> <span class='ocrx_word' id='word_1_112' title='bbox 1291 2261 1318 2279; x_wconf 90' lang='grc'>..</span> <span class='ocrx_word' id='word_1_113' title='bbox 1345 2216 1503 2278; x_wconf 89' lang='lat' dir='ltr'>terminos</span> 
     </span>
     <span class='ocr_line' id='line_1_16' title="bbox 440 2319 1502 2401; baseline 0.002 -19"><span class='ocrx_word' id='word_1_114' title='bbox 440 2325 660 2384; x_wconf 86' lang='lat' dir='ltr'>excesserunt</span> <span class='ocrx_word' id='word_1_115' title='bbox 674 2325 707 2384; x_wconf 93' lang='lat' dir='ltr'>et</span> <span class='ocrx_word' id='word_1_116' title='bbox 719 2319 904 2384; x_wconf 87' lang='lat' dir='ltr'>broassium</span> <span class='ocrx_word' id='word_1_117' title='bbox 921 2319 1306 2401; x_wconf 77' lang='lat' dir='ltr'>dampniiiicaverunt...</span> <span class='ocrx_word' id='word_1_118' title='bbox 1325 2324 1410 2400; x_wconf 85' lang='lat' dir='ltr'>quod</span> <span class='ocrx_word' id='word_1_119' title='bbox 1424 2322 1502 2384; x_wconf 92' lang='lat' dir='ltr'>dicti</span> 
     </span>
     <span class='ocr_line' id='line_1_17' title="bbox 437 2429 1501 2508; baseline 0.002 -18"><span class='ocrx_word' id='word_1_120' title='bbox 437 2431 610 2492; x_wconf 85' lang='lat' dir='ltr'>Petrus...</span> <span class='ocrx_word' id='word_1_121' title='bbox 644 2433 678 2492; x_wconf 92' lang='lat' dir='ltr'>et</span> <span class='ocrx_word' id='word_1_122' title='bbox 701 2431 937 2502; x_wconf 74' lang='lat' dir='ltr'>Pencetus..‚</span> <span class='ocrx_word' id='word_1_123' title='bbox 973 2429 1042 2490; x_wconf 88' lang='lat' dir='ltr'>suis</span> <span class='ocrx_word' id='word_1_124' title='bbox 1070 2429 1213 2508; x_wconf 88' lang='lat' dir='ltr'>propriis</span> <span class='ocrx_word' id='word_1_125' title='bbox 1250 2429 1434 2508; x_wconf 80' lang='lat' dir='ltr'><strong>sumptibus</strong></span> <span class='ocrx_word' id='word_1_126' title='bbox 1466 2433 1501 2492; x_wconf 87' lang='lat' dir='ltr'>et</span> 
     </span>
     <span class='ocr_line' id='line_1_18' title="bbox 430 2524 1424 2616; baseline -0.001 -19"><span class='ocrx_word' id='word_1_127' title='bbox 430 2524 604 2616; x_wconf 83' lang='lat' dir='ltr'>expensis,</span> <span class='ocrx_word' id='word_1_128' title='bbox 625 2535 745 2597; x_wconf 90' lang='lat' dir='ltr'>ibidem</span> <span class='ocrx_word' id='word_1_129' title='bbox 771 2535 896 2596; x_wconf 86' lang='lat' dir='ltr'>iaciant</span> <span class='ocrx_word' id='word_1_130' title='bbox 923 2551 984 2597; x_wconf 92' lang='lat' dir='ltr'>seu</span> <span class='ocrx_word' id='word_1_131' title='bbox 1008 2533 1082 2596; x_wconf 87' lang='lat' dir='ltr'>fleri</span> <span class='ocrx_word' id='word_1_132' title='bbox 1110 2533 1222 2597; x_wconf 87' lang='lat' dir='ltr'>iacere</span> <span class='ocrx_word' id='word_1_133' title='bbox 1237 2537 1424 2609; x_wconf 87' lang='lat' dir='ltr'>teneantur,</span> 
     </span>
     <span class='ocr_line' id='line_1_19' title="bbox 434 2635 1498 2715; baseline 0.001 -13"><span class='ocrx_word' id='word_1_134' title='bbox 434 2639 514 2703; x_wconf 89' lang='lat' dir='ltr'>binc</span> <span class='ocrx_word' id='word_1_135' title='bbox 548 2635 590 2702; x_wconf 89' lang='lat' dir='ltr'>ad</span> <span class='ocrx_word' id='word_1_136' title='bbox 617 2641 738 2703; x_wconf 86' lang='lat' dir='ltr'>lectum</span> <span class='ocrx_word' id='word_1_137' title='bbox 765 2641 877 2703; x_wconf 82' lang='lat' dir='ltr'>Sancti</span> <span class='ocrx_word' id='word_1_138' title='bbox 909 2641 1111 2715; x_wconf 66' lang='lat' dir='ltr'>Martini...</span> <span class='ocrx_word' id='word_1_139' title='bbox 1142 2657 1244 2702; x_wconf 91' lang='lat' dir='ltr'>unum</span> <span class='ocrx_word' id='word_1_140' title='bbox 1273 2657 1403 2703; x_wconf 90' lang='lat' dir='ltr'>murum</span> <span class='ocrx_word' id='word_1_141' title='bbox 1438 2657 1498 2703; x_wconf 90' lang='lat' dir='ltr'>seu</span> 
     </span>
     <span class='ocr_line' id='line_1_20' title="bbox 410 2747 1495 2838; baseline 0 -28"><span class='ocrx_word' id='word_1_142' title='bbox 410 2831 414 2838; x_wconf 23' lang='lat'>¹</span> <span class='ocrx_word' id='word_1_143' title='bbox 434 2749 610 2828; x_wconf 81' lang='lat' dir='ltr'>parietem,</span> <span class='ocrx_word' id='word_1_144' title='bbox 627 2747 669 2810; x_wconf 92' lang='lat' dir='ltr'>de</span> <span class='ocrx_word' id='word_1_145' title='bbox 684 2747 859 2810; x_wconf 79' lang='lat' dir='ltr'>altitudine</span> <span class='ocrx_word' id='word_1_146' title='bbox 885 2747 965 2809; x_wconf 92' lang='lat' dir='ltr'>dicti</span> <span class='ocrx_word' id='word_1_147' title='bbox 983 2747 1136 2821; x_wconf 81' lang='lat' dir='ltr'>broassii,</span> <span class='ocrx_word' id='word_1_148' title='bbox 1160 2765 1176 2808; x_wconf 93' lang='lat' dir='ltr'>a</span> <span class='ocrx_word' id='word_1_149' title='bbox 1194 2748 1279 2827; x_wconf 90' lang='lat' dir='ltr'>pede</span> <span class='ocrx_word' id='word_1_150' title='bbox 1294 2748 1383 2810; x_wconf 89' lang='lat' dir='ltr'>dicte</span> <span class='ocrx_word' id='word_1_151' title='bbox 1397 2749 1495 2810; x_wconf 87' lang='lat' dir='ltr'>vinee</span> 
     </span>
     <span class='ocr_line' id='line_1_21' title="bbox 433 2835 1491 2935; baseline -0.003 -16"><span class='ocrx_word' id='word_1_152' title='bbox 433 2852 583 2935; x_wconf 87' lang='lat' dir='ltr'>ipsorum</span> <span class='ocrx_word' id='word_1_153' title='bbox 600 2835 694 2916; x_wconf 85' lang='lat' dir='ltr'>Petri</span> <span class='ocrx_word' id='word_1_154' title='bbox 708 2857 740 2916; x_wconf 91' lang='lat' dir='ltr'>et</span> <span class='ocrx_word' id='word_1_155' title='bbox 755 2839 907 2930; x_wconf 67' lang='lat' dir='ltr'>Peucen,</span> <span class='ocrx_word' id='word_1_156' title='bbox 925 2857 1083 2932; x_wconf 87' lang='lat' dir='ltr'>quantum</span> <span class='ocrx_word' id='word_1_157' title='bbox 1105 2854 1315 2934; x_wconf 82' lang='lat' dir='ltr'>protenditur</span> <span class='ocrx_word' id='word_1_158' title='bbox 1333 2871 1372 2917; x_wconf 91' lang='lat' dir='ltr'>ac</span> <span class='ocrx_word' id='word_1_159' title='bbox 1384 2855 1491 2930; x_wconf 88' lang='lat' dir='ltr'>durat,</span> 
     </span>
     <span class='ocr_line' id='line_1_22' title="bbox 386 2959 1492 3042; baseline -0.001 -17"><span class='ocrx_word' id='word_1_160' title='bbox 386 2994 390 3000; x_wconf 95' lang='lat'>·</span> <span class='ocrx_word' id='word_1_161' title='bbox 433 2965 468 3025; x_wconf 93' lang='lat' dir='ltr'>et</span> <span class='ocrx_word' id='word_1_162' title='bbox 494 2965 637 3042; x_wconf 91' lang='lat' dir='ltr'>apparet</span> <span class='ocrx_word' id='word_1_163' title='bbox 659 2961 833 3040; x_wconf 90' lang='lat' dir='ltr'>occupatio</span> <span class='ocrx_word' id='word_1_164' title='bbox 858 2979 922 3041; x_wconf 89' lang='lat' dir='ltr'>que</span> <span class='ocrx_word' id='word_1_165' title='bbox 950 2959 1071 3024; x_wconf 88' lang='lat' dir='ltr'>ibidem</span> <span class='ocrx_word' id='word_1_166' title='bbox 1095 2961 1185 3025; x_wconf 85' lang='lat' dir='ltr'>iacta</span> <span class='ocrx_word' id='word_1_167' title='bbox 1211 2962 1273 3024; x_wconf 86' lang='lat' dir='ltr'>luit</span> <span class='ocrx_word' id='word_1_168' title='bbox 1299 2978 1361 3041; x_wconf 90' lang='lat' dir='ltr'>per</span> <span class='ocrx_word' id='word_1_169' title='bbox 1387 2962 1492 3024; x_wconf 88' lang='lat' dir='ltr'>dictos</span> 
     </span>
     <span class='ocr_line' id='line_1_23' title="bbox 429 3067 1490 3150; baseline -0.002 -20"><span class='ocrx_word' id='word_1_170' title='bbox 429 3069 649 3150; x_wconf 62' lang='lat' dir='ltr'>plantatores</span> <span class='ocrx_word' id='word_1_171' title='bbox 665 3071 699 3129; x_wconf 92' lang='lat' dir='ltr'>et</span> <span class='ocrx_word' id='word_1_172' title='bbox 713 3067 797 3146; x_wconf 86' lang='lat' dir='ltr'>quod</span> <span class='ocrx_word' id='word_1_173' title='bbox 813 3067 936 3130; x_wconf 90' lang='lat' dir='ltr'>dictum</span> <span class='ocrx_word' id='word_1_174' title='bbox 957 3067 1120 3148; x_wconf 91' lang='lat' dir='ltr'>parietem</span> <span class='ocrx_word' id='word_1_175' title='bbox 1144 3069 1269 3130; x_wconf 86' lang='lat' dir='ltr'>iaciant</span> <span class='ocrx_word' id='word_1_176' title='bbox 1357 3069 1391 3130; x_wconf 94' lang='lat' dir='ltr'>in</span> <span class='ocrx_word' id='word_1_177' title='bbox 1418 3068 1490 3130; x_wconf 93' lang='lat' dir='ltr'>loco</span> 
     </span>
     <span class='ocr_line' id='line_1_24' title="bbox 429 3174 1419 3255; baseline -0.001 -18"><span class='ocrx_word' id='word_1_178' title='bbox 429 3175 509 3240; x_wconf 91' lang='lat' dir='ltr'>dicti</span> <span class='ocrx_word' id='word_1_179' title='bbox 535 3175 678 3238; x_wconf 90' lang='lat' dir='ltr'>broassii</span> <span class='ocrx_word' id='word_1_180' title='bbox 707 3174 869 3255; x_wconf 90' lang='lat' dir='ltr'>derrupti‚</span> <span class='ocrx_word' id='word_1_181' title='bbox 899 3177 995 3237; x_wconf 89' lang='lat' dir='ltr'>metis</span> <span class='ocrx_word' id='word_1_182' title='bbox 1022 3180 1133 3238; x_wconf 89' lang='lat' dir='ltr'>tamen</span> <span class='ocrx_word' id='word_1_183' title='bbox 1171 3176 1484 3239; x_wconf 90' lang='lat' dir='ltr'>remanentibus</span> 
     </span>
     <span class='ocr_line' id='line_1_25' title="bbox 426 3282 1482 3361; baseline 0 -15"><span class='ocrx_word' id='word_1_184' title='bbox 426 3286 523 3360; x_wconf 84' lang='lat' dir='ltr'>Item,</span> <span class='ocrx_word' id='word_1_185' title='bbox 536 3333 543 3346; x_wconf 91' lang='lat'>.</span> <span class='ocrx_word' id='word_1_186' title='bbox 556 3331 562 3344; x_wconf 96' lang='lat'>.</span> <span class='ocrx_word' id='word_1_187' title='bbox 574 3331 584 3349; x_wconf 90' lang='lat'><strong>.</strong></span> <span class='ocrx_word' id='word_1_188' title='bbox 597 3283 682 3360; x_wconf 90' lang='lat' dir='ltr'>quod</span> <span class='ocrx_word' id='word_1_189' title='bbox 702 3332 710 3346; x_wconf 91' lang='lat'><strong>.</strong></span> <span class='ocrx_word' id='word_1_190' title='bbox 724 3330 729 3342; x_wconf 95' lang='lat'><em>.</em></span> <span class='ocrx_word' id='word_1_191' title='bbox 744 3333 750 3345; x_wconf 93' lang='lat'><em>.</em></span> <span class='ocrx_word' id='word_1_192' title='bbox 770 3282 993 3361; x_wconf 87' lang='lat' dir='ltr'>prenominati</span> <span class='ocrx_word' id='word_1_193' title='bbox 1019 3287 1184 3346; x_wconf 90' lang='lat' dir='ltr'>Petrus...</span> <span class='ocrx_word' id='word_1_194' title='bbox 1209 3287 1243 3346; x_wconf 92' lang='lat' dir='ltr'>et</span> <span class='ocrx_word' id='word_1_195' title='bbox 1264 3285 1441 3346; x_wconf 91' lang='lat' dir='ltr'>Poncetus.</span> <span class='ocrx_word' id='word_1_196' title='bbox 1455 3331 1461 3344; x_wconf 96' lang='lat'>.</span> <span class='ocrx_word' id='word_1_197' title='bbox 1475 3333 1482 3346; x_wconf 93' lang='lat'><strong>.</strong></span> 
     </span>
     <span class='ocr_line' id='line_1_26' title="bbox 425 3389 1488 3470; baseline -0.003 -15"><span class='ocrx_word' id='word_1_198' title='bbox 425 3393 460 3455; x_wconf 93' lang='lat' dir='ltr'>in</span> <span class='ocrx_word' id='word_1_199' title='bbox 475 3391 735 3454; x_wconf 78' lang='lat' dir='ltr'>satisfactionem</span> <span class='ocrx_word' id='word_1_200' title='bbox 750 3389 884 3470; x_wconf 88' lang='lat' dir='ltr'>dampni</span> <span class='ocrx_word' id='word_1_201' title='bbox 898 3391 1051 3470; x_wconf 89' lang='lat' dir='ltr'>predicti,</span> <span class='ocrx_word' id='word_1_202' title='bbox 1068 3395 1102 3453; x_wconf 92' lang='lat' dir='ltr'>et</span> <span class='ocrx_word' id='word_1_203' title='bbox 1124 3408 1167 3453; x_wconf 94' lang='lat' dir='ltr'>ne</span> <span class='ocrx_word' id='word_1_204' title='bbox 1182 3391 1224 3452; x_wconf 91' lang='lat' dir='ltr'>sit</span> <span class='ocrx_word' id='word_1_205' title='bbox 1238 3391 1378 3453; x_wconf 89' lang='lat' dir='ltr'>ulterius</span> <span class='ocrx_word' id='word_1_206' title='bbox 1393 3407 1488 3468; x_wconf 86' lang='lat' dir='ltr'>ques-</span> 
     </span>
     <span class='ocr_line' id='line_1_27' title="bbox 424 3497 1487 3578; baseline -0.004 -16"><span class='ocrx_word' id='word_1_207' title='bbox 424 3501 470 3562; x_wconf 93' lang='lat' dir='ltr'>tio</span> <span class='ocrx_word' id='word_1_208' title='bbox 485 3500 575 3562; x_wconf 92' lang='lat' dir='ltr'>inter</span> <span class='ocrx_word' id='word_1_209' title='bbox 589 3499 735 3573; x_wconf 90' lang='lat' dir='ltr'>eosdem,</span> <span class='ocrx_word' id='word_1_210' title='bbox 751 3498 938 3578; x_wconf 88' lang='lat' dir='ltr'>predictum</span> <span class='ocrx_word' id='word_1_211' title='bbox 953 3499 1128 3577; x_wconf 88' lang='lat' dir='ltr'>parietem,</span> <span class='ocrx_word' id='word_1_212' title='bbox 1142 3499 1287 3578; x_wconf 88' lang='lat' dir='ltr'>propriis</span> <span class='ocrx_word' id='word_1_213' title='bbox 1301 3497 1487 3578; x_wconf 85' lang='lat' dir='ltr'>sumptibus</span> 
     </span>
     <span class='ocr_line' id='line_1_28' title="bbox 423 3605 1485 3688; baseline -0.004 -18"><span class='ocrx_word' id='word_1_214' title='bbox 423 3609 571 3688; x_wconf 88' lang='lat' dir='ltr'>ipsorum</span> <span class='ocrx_word' id='word_1_215' title='bbox 597 3605 690 3668; x_wconf 89' lang='lat' dir='ltr'>Petri</span> <span class='ocrx_word' id='word_1_216' title='bbox 716 3609 749 3668; x_wconf 91' lang='lat' dir='ltr'>et</span> <span class='ocrx_word' id='word_1_217' title='bbox 777 3605 926 3680; x_wconf 87' lang='lat' dir='ltr'>Penceti,</span> <span class='ocrx_word' id='word_1_218' title='bbox 971 3611 1149 3671; x_wconf 88' lang='lat' dir='ltr'>teneantur</span> <span class='ocrx_word' id='word_1_219' title='bbox 1174 3609 1337 3687; x_wconf 91' lang='lat' dir='ltr'>perpetuo</span> <span class='ocrx_word' id='word_1_220' title='bbox 1369 3621 1485 3668; x_wconf 84' lang='lat' dir='ltr'>manu-</span> 
     </span>
     <span class='ocr_line' id='line_1_29' title="bbox 422 3715 1484 3794; baseline -0.006 -15"><span class='ocrx_word' id='word_1_221' title='bbox 422 3721 549 3794; x_wconf 85' lang='lat' dir='ltr'>tenere,</span> <span class='ocrx_word' id='word_1_222' title='bbox 567 3718 612 3791; x_wconf 82' lang='lat' dir='ltr'>et.</span> <span class='ocrx_word' id='word_1_223' title='bbox 635 3735 709 3782; x_wconf 84' lang='lat' dir='ltr'>curn</span> <span class='ocrx_word' id='word_1_224' title='bbox 726 3719 876 3781; x_wconf 91' lang='lat' dir='ltr'>eumdem</span> <span class='ocrx_word' id='word_1_225' title='bbox 891 3735 991 3781; x_wconf 91' lang='lat' dir='ltr'>ruere</span> <span class='ocrx_word' id='word_1_226' title='bbox 1011 3717 1224 3794; x_wconf 83' lang='lat' dir='ltr'>contingerit,</span> <span class='ocrx_word' id='word_1_227' title='bbox 1241 3715 1351 3794; x_wconf 89' lang='lat' dir='ltr'>ipsum</span> <span class='ocrx_word' id='word_1_228' title='bbox 1373 3729 1484 3775; x_wconf 89' lang='lat' dir='ltr'>remu-</span> 
     </span>
     <span class='ocr_line' id='line_1_30' title="bbox 420 3821 1483 3905; baseline -0.004 -19"><span class='ocrx_word' id='word_1_229' title='bbox 420 3838 500 3888; x_wconf 82' lang='lat' dir='ltr'>ra&#39;re</span> <span class='ocrx_word' id='word_1_230' title='bbox 514 3829 548 3888; x_wconf 93' lang='lat' dir='ltr'>et</span> <span class='ocrx_word' id='word_1_231' title='bbox 561 3825 782 3890; x_wconf 88' lang='lat' dir='ltr'>reedillicare.</span> <span class='ocrx_word' id='word_1_232' title='bbox 800 3828 906 3901; x_wconf 75' lang='lat' dir='ltr'>Item.</span> <span class='ocrx_word' id='word_1_233' title='bbox 920 3875 927 3889; x_wconf 89' lang='lat'><strong>.</strong></span> <span class='ocrx_word' id='word_1_234' title='bbox 942 3877 948 3890; x_wconf 95' lang='lat'><em>.</em></span> <span class='ocrx_word' id='word_1_235' title='bbox 968 3826 1052 3902; x_wconf 85' lang='lat' dir='ltr'>quod</span> <span class='ocrx_word' id='word_1_236' title='bbox 1066 3823 1288 3905; x_wconf 88' lang='lat' dir='ltr'>prenominati</span> <span class='ocrx_word' id='word_1_237' title='bbox 1308 3825 1425 3884; x_wconf 87' lang='lat' dir='ltr'>Petrus</span> <span class='ocrx_word' id='word_1_238' title='bbox 1448 3821 1483 3883; x_wconf 90' lang='lat' dir='ltr'>et</span> 
     </span>
     <span class='ocr_line' id='line_1_31' title="bbox 418 3931 1481 3998; baseline -0.003 -4"><span class='ocrx_word' id='word_1_239' title='bbox 418 3933 638 3998; x_wconf 89' lang='lat' dir='ltr'>Pencetus...</span> <span class='ocrx_word' id='word_1_240' title='bbox 685 3935 925 3998; x_wconf 90' lang='lat' dir='ltr'>remittere</span> <span class='ocrx_word' id='word_1_241' title='bbox 971 3935 1169 3997; x_wconf 90' lang='lat' dir='ltr'>debeant...</span> <span class='ocrx_word' id='word_1_242' title='bbox 1209 3933 1319 3995; x_wconf 90' lang='lat' dir='ltr'>donno</span> <span class='ocrx_word' id='word_1_243' title='bbox 1356 3931 1481 3994; x_wconf 86' lang='lat' dir='ltr'>vicario</span> 
     </span>
     <span class='ocr_line' id='line_1_32' title="bbox 419 4039 1480 4123; baseline 0 -23"><span class='ocrx_word' id='word_1_244' title='bbox 419 4039 502 4101; x_wconf 89' lang='lat' dir='ltr'>duas</span> <span class='ocrx_word' id='word_1_245' title='bbox 531 4039 836 4123; x_wconf 73' lang='lat' dir='ltr'>eynimasanuone,</span> <span class='ocrx_word' id='word_1_246' title='bbox 864 4042 897 4102; x_wconf 90' lang='lat' dir='ltr'>in</span> <span class='ocrx_word' id='word_1_247' title='bbox 926 4043 1043 4120; x_wconf 88' lang='lat' dir='ltr'>quibus</span> <span class='ocrx_word' id='word_1_248' title='bbox 1062 4041 1149 4104; x_wconf 91' lang='lat' dir='ltr'>idem</span> <span class='ocrx_word' id='word_1_249' title='bbox 1173 4043 1302 4104; x_wconf 90' lang='lat' dir='ltr'>donnus</span> <span class='ocrx_word' id='word_1_250' title='bbox 1334 4039 1480 4102; x_wconf 78' lang='lat' dir='ltr'>vicarius</span> 
     </span>
     <span class='ocr_line' id='line_1_33' title="bbox 416 4146 1480 4228; baseline -0.001 -20"><span class='ocrx_word' id='word_1_251' title='bbox 416 4146 596 4213; x_wconf 87' lang='lat' dir='ltr'>eisdem...</span> <span class='ocrx_word' id='word_1_252' title='bbox 616 4149 803 4225; x_wconf 85' lang='lat' dir='ltr'>tenebatur,</span> <span class='ocrx_word' id='word_1_253' title='bbox 820 4153 976 4228; x_wconf 86' lang='lat' dir='ltr'>pretextu</span> <span class='ocrx_word' id='word_1_254' title='bbox 996 4167 1112 4212; x_wconf 89' lang='lat' dir='ltr'>eorum</span> <span class='ocrx_word' id='word_1_255' title='bbox 1127 4149 1262 4224; x_wconf 92' lang='lat' dir='ltr'>laboris,</span> <span class='ocrx_word' id='word_1_256' title='bbox 1278 4164 1341 4212; x_wconf 90' lang='lat' dir='ltr'>nec</span> <span class='ocrx_word' id='word_1_257' title='bbox 1364 4164 1431 4209; x_wconf 93' lang='lat' dir='ltr'>non</span> <span class='ocrx_word' id='word_1_258' title='bbox 1446 4149 1480 4208; x_wconf 92' lang='lat' dir='ltr'>et</span> 
     </span>
     <span class='ocr_line' id='line_1_34' title="bbox 414 4255 1478 4336; baseline 0 -21"><span class='ocrx_word' id='word_1_259' title='bbox 414 4255 565 4335; x_wconf 88' lang='lat' dir='ltr'>precium</span> <span class='ocrx_word' id='word_1_260' title='bbox 590 4256 729 4319; x_wconf 89' lang='lat' dir='ltr'>duarum</span> <span class='ocrx_word' id='word_1_261' title='bbox 752 4257 908 4336; x_wconf 91' lang='lat' dir='ltr'>pellicum</span> <span class='ocrx_word' id='word_1_262' title='bbox 996 4261 1087 4333; x_wconf 85' lang='lat' dir='ltr'>Item,</span> <span class='ocrx_word' id='word_1_263' title='bbox 1185 4256 1324 4335; x_wconf 89' lang='lat' dir='ltr'>quod...</span> <span class='ocrx_word' id='word_1_264' title='bbox 1352 4255 1478 4318; x_wconf 88' lang='lat' dir='ltr'>donnus</span> 
     </span>
     <span class='ocr_line' id='line_1_35' title="bbox 412 4363 1476 4440; baseline -0.002 -17"><span class='ocrx_word' id='word_1_265' title='bbox 412 4363 558 4425; x_wconf 87' lang='lat' dir='ltr'>vicarius</span> <span class='ocrx_word' id='word_1_266' title='bbox 573 4363 729 4436; x_wconf 78' lang='lat' dir='ltr'>remittat,</span> <span class='ocrx_word' id='word_1_267' title='bbox 740 4411 746 4426; x_wconf 93' lang='lat'><strong>.</strong></span> <span class='ocrx_word' id='word_1_268' title='bbox 758 4410 786 4424; x_wconf 91' lang='lat'>..</span> <span class='ocrx_word' id='word_1_269' title='bbox 807 4364 841 4426; x_wconf 91' lang='lat' dir='ltr'>et</span> <span class='ocrx_word' id='word_1_270' title='bbox 855 4364 975 4426; x_wconf 90' lang='lat' dir='ltr'>ibidem</span> <span class='ocrx_word' id='word_1_271' title='bbox 1002 4365 1091 4428; x_wconf 91' lang='lat' dir='ltr'>illico</span> <span class='ocrx_word' id='word_1_272' title='bbox 1111 4364 1241 4427; x_wconf 92' lang='lat' dir='ltr'>remisit</span> <span class='ocrx_word' id='word_1_273' title='bbox 1256 4379 1371 4426; x_wconf 90' lang='lat' dir='ltr'>omnes</span> <span class='ocrx_word' id='word_1_274' title='bbox 1392 4363 1476 4440; x_wconf 90' lang='lat' dir='ltr'>inju-</span> 
     </span>
     <span class='ocr_line' id='line_1_36' title="bbox 412 4469 1472 4551; baseline -0.001 -23"><span class='ocrx_word' id='word_1_275' title='bbox 412 4469 481 4530; x_wconf 87' lang='lat' dir='ltr'>rias</span> <span class='ocrx_word' id='word_1_276' title='bbox 498 4473 531 4532; x_wconf 92' lang='lat' dir='ltr'>et</span> <span class='ocrx_word' id='word_1_277' title='bbox 546 4471 698 4551; x_wconf 86' lang='lat' dir='ltr'>dampna,</span> <span class='ocrx_word' id='word_1_278' title='bbox 713 4471 787 4535; x_wconf 90' lang='lat' dir='ltr'>vice</span> <span class='ocrx_word' id='word_1_279' title='bbox 802 4475 835 4534; x_wconf 87' lang='lat' dir='ltr'>et</span> <span class='ocrx_word' id='word_1_280' title='bbox 849 4473 981 4534; x_wconf 90' lang='lat' dir='ltr'>nomine</span> <span class='ocrx_word' id='word_1_281' title='bbox 996 4471 1074 4534; x_wconf 88' lang='lat' dir='ltr'>dicti</span> <span class='ocrx_word' id='word_1_282' title='bbox 1090 4471 1333 4535; x_wconf 88' lang='lat' dir='ltr'>monasterii...</span> <span class='ocrx_word' id='word_1_283' title='bbox 1353 4471 1472 4534; x_wconf 90' lang='lat' dir='ltr'>item...</span> 
     </span>
     <span class='ocr_line' id='line_1_37' title="bbox 413 4577 1475 4658; baseline 0.001 -21"><span class='ocrx_word' id='word_1_284' title='bbox 413 4577 512 4653; x_wconf 87' lang='lat' dir='ltr'>quod.</span> <span class='ocrx_word' id='word_1_285' title='bbox 525 4624 551 4640; x_wconf 91' lang='lat'>..</span> <span class='ocrx_word' id='word_1_286' title='bbox 575 4578 664 4641; x_wconf 91' lang='lat' dir='ltr'>inter</span> <span class='ocrx_word' id='word_1_287' title='bbox 679 4582 806 4658; x_wconf 80' lang='lat' dir='ltr'>partes.</span> <span class='ocrx_word' id='word_1_288' title='bbox 820 4627 847 4641; x_wconf 92' lang='lat'>..</span> <span class='ocrx_word' id='word_1_289' title='bbox 876 4579 920 4641; x_wconf 91' lang='lat' dir='ltr'>sit</span> <span class='ocrx_word' id='word_1_290' title='bbox 942 4597 1009 4658; x_wconf 84' lang='lat' dir='ltr'>pax</span> <span class='ocrx_word' id='word_1_291' title='bbox 1031 4583 1064 4641; x_wconf 92' lang='lat' dir='ltr'>et</span> <span class='ocrx_word' id='word_1_292' title='bbox 1084 4579 1175 4644; x_wconf 83' lang='lat' dir='ltr'>finis.</span> <span class='ocrx_word' id='word_1_293' title='bbox 1189 4627 1215 4644; x_wconf 94' lang='lat'>..</span> <span class='ocrx_word' id='word_1_294' title='bbox 1242 4582 1320 4643; x_wconf 70' lang='lat' dir='ltr'>,icta</span> <span class='ocrx_word' id='word_1_295' title='bbox 1340 4579 1475 4640; x_wconf 88' lang='lat' dir='ltr'>luerunt</span> 
     </span>
     <span class='ocr_line' id='line_1_38' title="bbox 410 4681 1473 4768; baseline 0.003 -26"><span class='ocrx_word' id='word_1_296' title='bbox 410 4681 475 4744; x_wconf 91' lang='lat' dir='ltr'>hec</span> <span class='ocrx_word' id='word_1_297' title='bbox 502 4684 634 4750; x_wconf 83' lang='lat' dir='ltr'>indicta</span> <span class='ocrx_word' id='word_1_298' title='bbox 649 4686 747 4748; x_wconf 86' lang='lat' dir='ltr'>vinea</span> <span class='ocrx_word' id='word_1_299' title='bbox 761 4685 867 4765; x_wconf 89' lang='lat' dir='ltr'>ipsius</span> <span class='ocrx_word' id='word_1_300' title='bbox 888 4689 1090 4761; x_wconf 89' lang='lat' dir='ltr'>monasterii,</span> <span class='ocrx_word' id='word_1_301' title='bbox 1105 4705 1209 4768; x_wconf 92' lang='lat' dir='ltr'>prope</span> <span class='ocrx_word' id='word_1_302' title='bbox 1224 4688 1347 4749; x_wconf 92' lang='lat' dir='ltr'>dictum</span> <span class='ocrx_word' id='word_1_303' title='bbox 1361 4685 1473 4746; x_wconf 84' lang='lat' dir='ltr'>broas-</span> 
     </span>
     <span class='ocr_line' id='line_1_39' title="bbox 411 4787 1469 4877; baseline 0.007 -27"><span class='ocrx_word' id='word_1_304' title='bbox 411 4787 509 4869; x_wconf 82' lang='lat' dir='ltr'>sium,</span> <span class='ocrx_word' id='word_1_305' title='bbox 538 4792 578 4854; x_wconf 92' lang='lat' dir='ltr'>de</span> <span class='ocrx_word' id='word_1_306' title='bbox 600 4809 664 4872; x_wconf 85' lang='lat' dir='ltr'>quo</span> <span class='ocrx_word' id='word_1_307' title='bbox 686 4796 758 4854; x_wconf 89' lang='lat' dir='ltr'>erat</span> <span class='ocrx_word' id='word_1_308' title='bbox 782 4793 921 4872; x_wconf 86' lang='lat' dir='ltr'>questio,</span> <span class='ocrx_word' id='word_1_309' title='bbox 953 4795 986 4858; x_wconf 93' lang='lat' dir='ltr'>in</span> <span class='ocrx_word' id='word_1_310' title='bbox 1015 4798 1185 4877; x_wconf 88' lang='lat' dir='ltr'>presentia</span> <span class='ocrx_word' id='word_1_311' title='bbox 1204 4798 1237 4859; x_wconf 91' lang='lat' dir='ltr'>et</span> <span class='ocrx_word' id='word_1_312' title='bbox 1255 4793 1469 4857; x_wconf 86' lang='lat' dir='ltr'>testimonio:</span> 
     </span>
    </p>
   </div>
   <div class='ocr_carea' id='block_1_3' title="bbox 0 0 1694 5608">
    <p class='ocr_par' dir='ltr' id='par_1_3' title="bbox 0 0 1694 5608">
     <span class='ocr_line' id='line_1_40' title="bbox 0 0 1694 5608; baseline 0 16"><span class='ocrx_word' id='word_1_313' title='bbox 0 0 1694 5608; x_wconf 95' lang='lat' dir='ltr'> </span> 
     </span>
    </p>
   </div>
  </div>
 </body>
</html>
