3378 5608
555 658 598 708 nu
618 655 781 708 omniun.
1148 645 1207 710 ste

175 805 276 870 234.
708 805 897 880 Ventavoa,
911 805 953 866 24
968 799 1050 868 accit
1066 804 1161 870 1380.

175 967 270 1028 Anno
288 966 420 1029 Domini
440 965 616 1029 millesimo
639 963 727 1026 (100⁰
741 965 874 1038 LXXX.
890 963 945 1028 die
968 979 1056 1028 xxiv
1079 965 1204 1029 mensis

136 1076 278 1153 augusti.
294 1077 415 1138 Notum
430 1075 487 1138 sit.
500 1122 528 1139 ..
550 1074 636 1153 quod
657 1071 778 1136 nobilis
794 1072 992 1136 Laurentius
1015 1072 1149 1152 Crigne,
1166 1073 1207 1138 de

135 1185 379 1257 Ventaouo‚...
403 1185 514 1262 utpro
541 1179 714 1244 animabus
740 1183 917 1260 parentum
938 1195 1076 1243 suorum
1102 1183 1207 1246 Deum

133 1307 256 1371 rogare
279 1289 433 1364 debcant,
449 1289 614 1368 quandam
636 1291 791 1362 terram..
804 1334 832 1352 ..
859 1287 957 1350 sitam
972 1287 1008 1350 iu
1027 1286 1202 1351 territorio

135 1399 175 1462 de
190 1401 377 1472 Ventaono,
393 1397 466 1459 loco
481 1395 570 1460 dicto
585 1399 630 1458 act
650 1395 785 1469 fontem
805 1396 1096 1470 Huaoncncbam,
1109 1397 1208 1472 juxta

133 1510 259 1571 terram
293 1503 488 1567 monasterii
513 1503 556 1566 de
584 1502 760 1580 Bertaudo¹
776 1503 876 1580 juxta
899 1501 987 1565 riam
1026 1502 1206 1582 publicam,

139 1613 230 1676 dedit
253 1610 448 1675 dominabus
472 1610 513 1674 de
533 1608 717 1674 Bertando.
731 1657 758 1673 ..
788 1612 906 1672 Actum
922 1609 1106 1684 ventione,
1130 1613 1208 1674 ante

135 1719 269 1782 domum
297 1717 354 1780 ubi
381 1716 517 1780 tenetur
540 1715 643 1780 ouria.
683 1717 870 1780 Testes...:
895 1714 1041 1778 Jacobus
1068 1715 1206 1791 salvati,

134 1825 281 1888 Jacobus
305 1823 483 1886 Bonatldes
508 1825 542 1886 et
564 1825 685 1886 Petrus
717 1821 838 1898 Pauli;
869 1825 904 1885 et
923 1837 985 1901 ogo
1012 1821 1206 1898 Guillelmus

140 1932 315 1997 Rezini...
334 1930 368 2012 †.

162 2064 265 2130 *On-ig.
280 2065 370 2130 purch.
384 2063 456 2115 esto
469 2060 515 2129 lig.
539 2062 640 2114 Double
662 2062 774 2128 danum
799 2075 832 2113 en
847 2062 978 2114 immede
1002 2064 1073 2115 croix
1090 2063 1155 2116 dans
1170 2079 1207 2117 nn

134 2159 208 2208 cume
230 2157 304 2207 orne.
324 2156 375 2207 Sur·
395 2156 420 2206 le
434 2153 523 2221 replis
546 2155 655 2207 matre
676 2154 804 2208 barones·
824 2154 888 2220 (nr
911 2156 954 2221 ν).
980 2157 1203 2208 Imtrumsntum

133 2247 231 2298 domus
244 2247 380 2297 Bortaudi
391 2247 423 2296 ds
438 2245 551 2308 Oroatis,
576 2259 662 2309 quom
677 2253 749 2295 tonet
762 2245 860 2295 domus
873 2245 1010 2296 Bormuds'
1029 2245 1201 2308 musonis,

134 2347 158 2386 st
171 2345 247 2387 certa
256 2349 331 2403 pars,
346 2336 436 2387 odbw
450 2345 488 2386 ost
502 2333 637 2400 temporis,
655 2334 746 2385 adbuc
759 2344 841 2386 vocat
851 2337 919 2398 im·
934 2336 979 2402 ι’).
991 2333 1073 2388 eote:
1086 2335 1119 2395 D,
1134 2335 1181 2386 867
1196 2350 1203 2400 ;

133 2425 223 2486 ΜΠ
237 2439 245 2489 ;
261 2425 293 2487 F.
308 2423 362 2476 190.

172 2729 277 2795 235.
722 2721 1164 2814 Gop,20ftvrter1381l2.

213 2898 397 2974 Croesum
425 2913 639 2973 rnsrsnnnn
668 2897 837 2973 sucuro
865 2897 1072 2975 Pnssmoun
1087 2897 1122 2974 *.

161 3071 184 3118 rs
199 3054 335 3118 nomine
359 3053 491 3116 Domini
517 3052 624 3116 nostri
646 3051 750 3116 Jhesu
771 3050 895 3132 Xpisti‚
920 3069 1027 3116 amen.
1045 3054 1206 3128 Quoniam

136 3072 159 3220 l
182 3178 284 3224 nomo
302 3161 337 3224 in
350 3177 453 3224 carne
468 3161 596 3242 positus
611 3163 663 3223 est
678 3160 735 3240 qui
749 3159 855 3240 possit
870 3159 1023 3224 terribile
1041 3161 1205 3239 judicium

136 3268 275 3350 superni
290 3268 414 3347 judicis
438 3268 576 3342 evitare,
595 3283 709 3330 coram
729 3284 792 3346 quo
808 3266 1035 3346 unusquisque
1052 3266 1094 3330 de
1109 3267 1206 3331 factis

136 3377 206 3439 suis
221 3375 369 3458 propriis
383 3374 574 3438 redditurus
590 3381 640 3438 est
660 3373 845 3455 plenariam
869 3375 1039 3436 racionem
1056 3391 1063 3448 ;
1081 3377 1115 3437 et
1129 3375 1206 3454 qnia

136 3483 183 3545 nil
195 3483 305 3547 morte
318 3481 454 3560 certius,
468 3481 636 3560 nichilque
650 3480 819 3545 incercius
831 3481 915 3544 hora
933 3481 1051 3544 mortis
1071 3481 1202 3546 existit:

134 3590 260 3652 idcirco
285 3589 319 3652 in
347 3588 498 3669 predicto
526 3587 660 3651 nomine
693 3589 772 3652 dicti
810 3589 934 3651 domini
965 3588 1074 3651 nostri
1100 3588 1205 3652 Jhesu

134 3688 255 3777 Xpisti,
288 3711 402 3770 amen,
436 3712 523 3758 anno
565 3695 809 3759 incarnationis
843 3695 991 3774 ejusdem
1029 3696 1205 3759 millesimo

134 3803 373 3867 tercentesimo
389 3801 616 3882 octuagesimo
630 3802 749 3884 primo,
774 3805 809 3865 et
830 3802 884 3866 dio
898 3803 1062 3866 vicesima
1082 3805 1205 3866 mensis

134 3909 305 3986 febroarii,
321 3910 476 3972 noverint
502 3908 652 3972 universi
669 3909 755 3988 quod
781 3926 844 3988 ego
870 3909 1058 3973 Simonetus
1084 3912 1204 3974 Pessa-

134 4017 218 4092 lotii,
236 4020 413 4090 mercator,
436 4016 603 4079 habitator
622 4015 775 4096 vapinci,
792 4033 892 4079 sanus
917 4021 1041 4092 mente,
1058 4034 1119 4098 per
1144 4017 1206 4080 Dei

134 4124 291 4203 graciam,
322 4139 464 4203 corpore
492 4126 526 4186 et
549 4122 735 4199 intellectu,
766 4121 801 4188 et
825 4124 860 4186 in
885 4124 1083 4200 mochona,
1109 4141 1203 4201 sana,

136 4229 231 4292 firma
246 4231 280 4291 et
293 4227 404 4291 valida
423 4227 571 4292 existens
587 4229 760 4303 memoria,
776 4229 925 4292 divinum
948 4229 1113 4308 judicium
1124 4247 1203 4312 per-

134 4336 325 4415 timescens,
339 4336 455 4398 rolens
472 4339 507 4398 et
521 4336 658 4416 cupiens
675 4336 775 4399 saluti
790 4337 899 4400 anime
927 4353 1000 4400 mee
1027 4337 1205 4417 providere

135 4442 168 4507 et
182 4443 224 4505 de
243 4459 308 4518 me,
330 4441 426 4504 bonis
442 4446 476 4505 et
495 4441 628 4521 juribus
651 4445 750 4522 atque
775 4443 874 4506 rebus
893 4443 977 4507 meis
993 4443 1150 4507 ordinare
1169 4447 1204 4508 et

135 4549 361 4630 disponerem
382 4547 451 4610 vita
472 4565 556 4627 mea,
570 4565 613 4612 ne
632 4549 673 4612 de
695 4549 778 4629 ipsis
799 4549 894 4612 bonis
910 4550 1012 4613 rebus
1027 4549 1062 4614 et
1072 4549 1204 4629 jnribus

133 4659 226 4736 meis,
243 4659 319 4738 post
334 4656 459 4719 obitum
476 4673 585 4720 meum
599 4657 687 4720 inter
708 4655 864 4733 heredes,
882 4656 1000 4720 affines
1016 4660 1050 4720 et
1070 4673 1203 4722 succes·

134 4781 226 4829 sores
259 4779 351 4826 meos
369 4763 499 4842 questio
515 4762 624 4842 aliqua
640 4761 779 4840 oriatur,
804 4779 864 4827 seu
888 4765 1000 4828 valeat
1026 4763 1203 4842 quomodo·
