3378 5608
619 654 661 703 ns
681 653 844 702 scarnen.
1209 642 1268 702 213

201 803 396 864 monasterii
422 801 552 879 grande
565 799 783 879 prejudicium
805 802 839 860 et
865 799 1001 862 evidens
1017 800 1263 863 detrimentum.

201 913 239 970 Et
257 913 439 989 propterea
457 905 721 987 supplica(n)tur,
736 923 796 985 pro
812 909 908 986 parte
918 906 1107 968 monialium
1120 907 1266 970 antedic-

201 1021 322 1090 tarum,
334 1031 435 1094 super
447 1014 606 1094 predictis
618 1013 679 1074 sibi
689 1013 729 1073 de
747 1015 909 1092 oportuno
923 1013 1071 1075 remedio
1082 1014 1263 1092 provideri,

202 1123 354 1185 saciando
378 1119 450 1184 lieri
466 1119 721 1195 indagacionem
737 1136 839 1199 super
853 1120 1110 1196 gravaminibus,
1133 1121 1265 1198 injuriis

204 1233 237 1292 et
251 1229 403 1308 dampnis
433 1229 518 1290 datis
543 1227 651 1288 eidem
680 1225 882 1287 monasterio
905 1242 967 1304 por
985 1226 1106 1287 dictum
1123 1227 1264 1288 nobilem

203 1341 234 1397 et
249 1353 326 1397 suos
338 1335 492 1397 homines
509 1351 516 1398 ε
531 1351 595 1412 que
610 1335 752 1410 dampna
765 1335 798 1394 et
813 1332 935 1410 injurie
953 1331 985 1393 in
1002 1333 1143 1410 quodam
1154 1337 1265 1394 cartu-

206 1443 290 1504 lario
304 1440 546 1522 continelnltur
561 1439 810 1520 particulariter
825 1441 857 1500 et
881 1439 1035 1500 distincte
1053 1459 1059 1512 ;
1086 1440 1126 1500 de
1149 1441 1266 1518 quibus

203 1552 339 1629 paratus
356 1551 407 1609 est
426 1546 562 1627 (iacere)
583 1546 688 1608 irater
711 1545 853 1606 Peneius
866 1545 1048 1618 Michaelis,
1066 1549 1267 1624 procurater

205 1655 283 1718 dicti
299 1654 510 1728 monasterii,
533 1652 630 1714 iidem
644 1652 756 1713 iacere
772 1651 878 1713 eidem
895 1651 983 1712 dom⁰
999 1653 1198 1714 senescallo.
1216 1657 1265 1729 Et,

206 1761 238 1822 ni
260 1763 405 1840 dampna
421 1763 454 1822 et
468 1759 590 1836 injurie
613 1759 706 1819 illate
727 1762 929 1838 reparentur
956 1774 1017 1838 por
1041 1759 1189 1837 prelatos
1206 1777 1265 1822 seu

206 1869 300 1941 alios,
327 1885 442 1930 eorum
473 1867 619 1941 nomine,
643 1865 751 1927 eidem
780 1865 980 1926 monasterio
1010 1865 1140 1927 restitui
1167 1866 1266 1930 iaciat

206 1975 352 2037 indilate.

247 2161 349 2224 195.
623 2157 957 2237 Aias-en-Prouenca,
972 2163 993 2220 2
1008 2163 1083 2222 anei
1098 2160 1222 2240 [1348l.

246 2321 418 2382 lohannes
437 2321 580 2397 Bandus,
603 2319 710 2394 miles,
733 2320 847 2397 regius
875 2320 1100 2382 cambellanus
1115 2321 1268 2394 ,eomita-

212 2431 301 2489 tuum
326 2426 505 2488 Provincia
534 2429 566 2486 et
593 2425 836 2504 Folchalquerii
858 2425 1073 2500 senescallus,
1099 2427 1208 2504 bajulo
1234 2433 1269 2489 et

205 2532 308 2610 judici
326 2531 359 2595 et
381 2532 527 2594 clavario
544 2531 706 2604 Sistarici‚
724 2533 863 2593 salutem
881 2535 1069 2593 clamorem
1086 2532 1266 2596 sincerum.

208 2637 467 2718 Suplicationem
503 2638 596 2699 nobis
625 2639 767 2700 oblatam
801 2654 861 2718 pro
898 2643 993 2716 parte
1034 2639 1266 2717 religiosarum

206 2745 384 2806 mulierum
399 2743 607 2804 dominarum
624 2745 663 2805 de
678 2744 856 2818 Bertaud0,
869 2743 1113 2806 vobismitimus
1126 2762 1265 2824 presen-

205 2851 292 2910 tibus
319 2851 544 2911 interclusam.
571 2843 946 2930 Mandainus'expresse
972 2854 1135 2927 qnatenus
1164 2869 1266 2931 super

206 2957 370 3018 contentis
386 2957 417 3018 in
433 2956 678 3035 supplicatione
694 2957 845 3035 predicta
874 2960 991 3018 contra
1009 2957 1194 3037 predictum
1209 2962 1269 3018 Ar-

205 3083 224 3126 n
232 3066 342 3126 aldum
354 3066 446 3126 Flota
462 3082 520 3126 seu
533 3065 616 3127 alios
640 3082 866 3142 quoscumque
881 3067 1060 3144 culpabiles
1074 3067 1113 3126 de
1129 3071 1267 3128 conten-

205 3171 249 3232 tis
265 3172 299 3232 in
322 3187 362 3232 ea
390 3171 568 3248 diligenter
593 3170 780 3247 inquiratis
805 3175 849 3242 et,
876 3170 904 3258 si
933 3172 1041 3250 ipsum
1071 3173 1268 3250 culpabilem

206 3277 426 3354 invenientia,
438 3277 585 3357 puniatis
602 3293 687 3352 eum,
714 3277 790 3338 ideo
818 3277 968 3354 rigorose
988 3278 1074 3355 quiid
1088 3295 1172 3355 pene
1192 3283 1264 3356 ejus

207 3383 312 3446 ceteri
337 3384 456 3444 cedant
470 3383 502 3443 in
520 3383 708 3462 exemplum
726 3401 733 3455 ;
759 3384 934 3462 ipsumque
963 3383 1003 3444 ad
1019 3383 1266 3446 restitutionem

205 3490 423 3568 dampnorum
440 3487 605 3549 illatorum
635 3488 723 3550 dicte
754 3491 956 3550 monasterio
972 3492 1006 3551 et
1019 3505 1129 3550 rerum
1143 3490 1268 3552 ablata·

204 3613 276 3656 rum
292 3593 440 3673 eilsldem
456 3610 516 3672 per
532 3593 869 3670 eumdem,mediante
880 3595 1263 3675 justicia‚compellatis;

206 3705 239 3762 et
253 3700 492 3762 monasterium
522 3701 640 3779 ipsum,
658 3717 730 3761 cum
755 3700 797 3761 sit
823 3701 856 3760 in
882 3700 1112 3780 protexionem
1128 3701 1267 3778 regiam,

204 3824 269 3868 non
295 3806 482 3886 permitatis
509 3824 570 3885 per
602 3823 798 3884 quemquam
827 3807 985 3880 indebita,
1014 3823 1076 3868 nec
1104 3807 1267 3869 moniales

205 3913 285 3975 dicti
301 3915 495 3975 monasterii
510 3930 569 3974 seu
590 3929 704 3974 eorum
722 3929 904 3974 conversos
930 3914 984 3975 vel
999 3912 1150 3975 homines
1166 3929 1265 3990 agra-

204 4020 286 4092 vari,
305 4020 364 4081 sed
391 4019 521 4080 tulmini
536 4023 569 4082 et
598 4018 796 4081 deffendatis
820 4017 965 4093 easdem,
994 4019 1150 4081 remediis
1173 4036 1268 4100 opor-

204 4126 291 4186 tunis
307 4144 315 4200 ;
332 4126 549 4203 eumdemque
570 4127 763 4198 arnaldum,
784 4127 824 4186 ad
836 4125 1082 4187 restitutionem
1099 4141 1264 4204 expensa·

204 4249 277 4292 rum
307 4231 492 4293 faciendam
527 4233 590 4310 ipsi
618 4233 819 4293 monasterio
848 4248 907 4310 per
933 4231 1040 4310 ipsum
1069 4233 1261 4304 arnaldum,
1327 4283 1335 4302 ,

205 4353 278 4398 cum
305 4337 425 4398 citatus
452 4337 563 4410 luerit,
595 4341 628 4398 et
657 4353 853 4416 comparere
881 4354 947 4398 non
980 4337 1160 4410 curaverit,
1184 4337 1264 4398 visis

205 4443 426 4522 presentibus,
441 4443 659 4521 compellatis.
686 4447 724 4504 nt
748 4443 875 4504 reddite
890 4443 1021 4504 litteras
1041 4443 1262 4520 presentanti.

205 4553 321 4611 Datum
347 4550 458 4627 AquiS,
488 4567 550 4628 per
574 4550 682 4610 virum
706 4550 849 4611 nobilem
879 4549 975 4608 domm
1005 4549 1265 4610 Boniiaciumde

206 4658 303 4728 Fara,
334 4659 493 4732 majorem
506 4655 650 4732 judicem
663 4654 877 4716 comitatuum
893 4653 1132 4732 predictorum,
1147 4653 1200 4715 die
1225 4672 1259 4717 se

207 4762 313 4823 cundo
331 4761 440 4832 madii,
457 4761 565 4842 prime
581 4759 783 4822 indictionis.
