3378 5608
588 681 745 770 cnanrns
1132 713 1193 774 243

129 861 202 924 viro
217 863 324 926 fratre
336 865 503 940 Durando,
514 869 733 946 procuratore
747 870 929 930 conventus
944 871 978 930 et
986 869 1194 933 dominarum

129 971 325 1034 monialium
344 972 385 1034 de
403 974 580 1048 Bertaudo,
609 975 650 1036 de
669 974 764 1036 bonis
788 975 909 1054 prefati
933 977 1071 1038 condam
1091 978 1197 1039 Pelle-

129 1078 230 1156 grini,
257 1080 419 1158 quoddam
432 1081 630 1161 hospicium,
653 1081 752 1144 situm
767 1081 800 1143 in
823 1083 896 1145 loco
912 1084 1196 1146 MonasteriiAla·

20 1179 21 1208 ¹
129 1188 250 1261 monis,
279 1187 407 1250 scilicet
420 1187 646 1264 iniravillam,
660 1191 757 1266 jnnta
776 1190 915 1265 menia„
929 1237 955 1252 ..
975 1194 1008 1252 et
1023 1191 1194 1269 quemdam

129 1299 251 1368 ortum,
273 1295 373 1358 situm
399 1295 536 1371 ibidem,
561 1299 660 1374 juxta
681 1297 817 1359 fluvium
842 1314 927 1376 aque
956 1299 1191 1373 Durencie,...

127 1401 242 1480 precio
257 1406 291 1465 et
302 1407 452 1465 mercato
477 1403 565 1466 inter
587 1421 645 1466 eos
656 1403 802 1467 stabilito
818 1404 1039 1484 quadraginta
1054 1405 1196 1469 floreno·

125 1526 200 1572 rum
217 1510 292 1572 auri
309 1529 316 1570 :
334 1509 420 1588 quod
438 1511 589 1590 precium
602 1510 711 1573 dictus
727 1511 835 1575 irater
856 1511 1032 1574 Durandue
1046 1511 1197 1574 Durandi

124 1616 165 1679 ab
183 1617 302 1679 eodem
314 1616 466 1680 Johanne
481 1621 632 1698 emptore
647 1617 804 1682 habuisse
825 1665 872 1683 ...
893 1618 1066 1682 confessus
1081 1619 1158 1683 fuit.
1170 1666 1194 1683 ..

124 1724 211 1786 Hinc
225 1725 428 1803 estquod...
448 1725 625 1802 religiosus
636 1725 689 1787 vir
698 1725 804 1789 irater
819 1725 1013 1790 Guillelmus
1025 1726 1065 1789 de
1079 1729 1194 1802 Puteo,

124 1831 276 1894 vicarius
302 1835 336 1895 et
362 1836 562 1912 procurator
584 1833 753 1911 generalis
780 1833 987 1896 dominarum
1003 1831 1195 1896 monialium

124 1942 159 2000 ct
186 1941 373 2001 conventus
386 1939 427 2002 de
442 1939 635 2014 Bertaudo„
650 1989 677 2003 ..
697 1939 924 2003 venditionem
947 1940 1117 2004 iactam...
1135 1956 1197 2020 per

123 2046 251 2108 dictum
265 2046 404 2110 fratrem
419 2027 608 2109 Durandum
627 2048 783 2122 Durandi,
800 2048 935 2111 nomine
949 2047 1028 2112 dicti
1054 2063 1188 2112 monas-

122 2153 212 2233 terii,
228 2153 608 2216 eidemnobilidohanni
633 2155 799 2233 Richerie,
826 2156 867 2218 de
881 2155 1032 2236 hospicio
1059 2158 1093 2218 et
1121 2159 1195 2218 orto

121 2261 345 2338 predictis...
363 2261 568 2340 approbavit,
587 2261 811 2339 confirmavit,
831 2311 878 2327 ...
897 2280 964 2326 una
980 2280 1054 2326 curn
1070 2262 1193 2326 salario

120 2370 419 2430 instrumentorum
445 2372 478 2431 et
501 2369 809 2433 mandamentorum
826 2386 929 2452 super
942 2369 1008 2433 hoc
1023 2370 1192 2434 contecto-

121 2493 209 2550 rum,
225 2479 418 2539 taxatorum
433 2475 473 2538 ad
489 2493 548 2540 sex
562 2493 697 2554 grossus
715 2476 858 2555 argenti,
873 2477 1002 2541 incluso
1018 2476 1105 2540 dicto
1115 2459 1193 2541 sex·

123 2584 210 2648 tario
225 2601 368 2660 annone,
394 2584 435 2646 de
461 2601 623 2663 expresso
652 2601 818 2647 consensu
843 2587 877 2648 et
915 2585 1089 2648 voluntate
1114 2583 1193 2650 dicti

122 2691 297 2766 iohannis,
311 2691 496 2754 assendivit
512 2689 583 2772 (stc)
600 2691 841 2756 universaliter
858 2691 892 2754 in
915 2709 1042 2755 summa
1054 2692 1193 2770 triginta

124 2801 200 2862 octo
213 2801 361 2862 florenos
376 2799 450 2862 auri
465 2801 579 2879 bonos,
591 2801 721 2878 singulo
732 2800 860 2863 floreno
876 2817 926 2864 xu
942 2799 1192 2878 grossosbonos

124 2910 272 2971 valente.
290 2911 475 2988 idapropter
500 2907 606 2970 dictus
630 2907 737 2971 irater
751 2907 947 2971 Guillelmus
1035 2924 1192 2986 recogno·

123 3017 173 3078 vit
188 3016 275 3078 dicto
296 3015 397 3076 nobili
417 3014 561 3077 iohanni
576 3015 730 3078 Richerie
839 3015 945 3079 dictas
972 3015 1190 3096 pecuniarum

123 3124 327 3203 quantitates
350 3126 384 3185 et
406 3122 608 3186 florenorum
631 3140 777 3185 summas
796 3123 951 3203 superius
974 3123 1188 3203 expressatas

122 3249 187 3311 per
206 3230 331 3294 dictum
347 3230 486 3294 condam
507 3230 732 3308 Pellegrinum
747 3231 812 3311 ipsi
828 3229 974 3293 Johanni
992 3229 1141 3292 veridice
1156 3233 1189 3292 et

121 3338 271 3416 legitime
300 3339 428 3400 debitas
454 3339 538 3400 iore.
565 3339 658 3400 Unde
690 3337 922 3418 prenominata
943 3340 1056 3416 partes
1148 3337 1188 3399 de

120 3448 237 3526 precio
253 3447 417 3509 dictorum
434 3445 578 3526 hospicii
593 3448 627 3508 et
650 3445 714 3507 orti
803 3461 908 3523 usque
924 3444 964 3508 ad
979 3460 1123 3507 summas

121 3555 251 3618 debitas
268 3553 357 3616 dicto
385 3553 530 3616 Johanni
554 3569 616 3633 per
645 3551 772 3615 dictum
800 3551 940 3616 condam
960 3551 1186 3630 Pellegrinum

120 3663 466 3743 recompensationem
493 3660 636 3723 debitam
662 3661 824 3724 fecerunt.
861 3663 932 3734 Qua
952 3675 1186 3739 recompensa·

118 3770 380 3848 benefacta...
401 3769 508 3831 dictus
536 3767 655 3830 nobilis
674 3767 843 3830 iohannes
866 3766 1037 3831 Richerie.
1050 3813 1078 3832 ..
1111 3784 1185 3830 con·

119 3877 229 3941 fessus
240 3876 302 3941 fuit
321 3926 328 3941 .
342 3924 369 3938 ..
390 3893 440 3941 se.
453 3923 478 3940 ..
497 3875 600 3938 dictas
676 3891 833 3949 summas,
855 3921 861 3936 .
875 3925 882 3938 .
896 3923 903 3938 .
923 3874 985 3938 sibi
996 3874 1138 3937 debitas.
1151 3921 1157 3934 .
1171 3923 1178 3938 .

125 4034 171 4049 ...
190 4003 252 4065 per
262 3985 386 4048 dictum
402 3984 542 4047 condam
556 3983 783 4061 Pellegrinum
800 3982 959 4058 Gauterii,
976 3980 1184 4044 habuisseet

119 4095 292 4175 recepisse
307 4095 341 4156 et
361 4092 424 4154 sibi
436 4093 710 4172 reeompensatus
726 4089 840 4164 fuisse,
858 4089 893 4151 in
909 4092 942 4152 et
957 4105 1057 4169 super
1067 4087 1182 4170 precio

120 4202 282 4265 dictorum
306 4200 446 4280 hospicii
470 4203 503 4262 et
525 4199 599 4274 orti,
617 4198 658 4272 ei,
674 4200 711 4260 ut
734 4197 929 4278 predicitur,
945 4195 1180 4272 venditorum

119 4310 167 4372 ita
181 4309 267 4389 quod
282 4309 324 4371 de
349 4307 508 4389 predictis
529 4306 719 4369 summis...
746 4307 779 4368 et
795 4304 836 4367 de
852 4304 1004 4369 omnibus
1035 4302 1109 4365 aliis
1128 4349 1176 4367 ...

119 4418 285 4497 inquibus
308 4417 415 4479 dictus
436 4416 574 4478 condam
601 4413 811 4490 Peliegrinus
839 4411 902 4474 sibi
929 4411 1109 4478 tenebatur

119 4525 272 4603 usquein
296 4524 384 4586 diem
409 4525 602 4602 presentem
630 4537 666 4582 se
693 4518 803 4581 tenuit
899 4533 961 4598 pro
978 4519 1134 4579 contento
1148 4519 1182 4578 et

117 4633 205 4696 hene
230 4635 353 4714 pagato
372 4651 378 4706 ;
396 4633 429 4694 et
454 4630 577 4692 dictum
592 4629 730 4691 fratrem
744 4625 969 4688 Guillelmum.
982 4670 1009 4688 ..
1027 4621 1178 4703 quitavit.

127 4789 175 4804 ...
194 4743 242 4816 nt,
258 4741 331 4803 vice
360 4741 484 4808 mutua,
512 4736 763 4818 prenominatus
790 4734 896 4797 irater
925 4731 1134 4802 Guillelmus.
1148 4777 1175 4794 ..

120 4849 351 4928 pronominato
371 4846 515 4909 iohanni
526 4844 697 4908 Richerie.
711 4888 734 4907 ..
751 4841 899 4922 precium
914 4838 1179 4919 supradictorum
