3378 5608
649 649 692 702 on
712 649 876 703 omniuo.
1237 639 1305 704 251,

230 799 380 876 religiosi
403 795 488 862 dom¹
510 799 683 862 Laurentii
709 799 832 872 Ameti,
850 797 969 861 vicarii
995 799 1187 862 monasterii
1213 799 1294 863 reli-

230 908 398 986 giosarum
421 905 631 968 dominarum
646 905 844 968 monasterii
859 904 900 968 de
915 906 1091 981 Bertaudo,
1109 907 1294 986 Vapinoen·

231 1013 276 1076 sis
294 1012 455 1091 dyocesis,
470 1013 595 1075 ordinis
616 1013 908 1086 cartusiensis...
927 1013 1080 1076 homiues
1099 1017 1132 1074 et
1149 1030 1294 1093 persone

230 1122 452 1202 infrascripto,
470 1123 512 1184 de
527 1124 665 1196 Lenem,
684 1125 952 1198 recognoverunt
967 1125 1095 1194 tenere,
1111 1123 1145 1182 et
1160 1122 1295 1200 quilibet

230 1247 347 1310 perse,
364 1230 498 1292 nomine
513 1229 592 1292 dicti
608 1229 815 1302 monasterii,
831 1245 886 1291 res
903 1233 936 1289 et
947 1229 1161 1307 posessiones
1190 1230 1293 1292 intra-

232 1336 381 1416 scriptae,
393 1339 492 1416 prout
506 1335 592 1398 inira
600 1336 851 1416 particulariter
866 1339 917 1397 est
932 1336 1104 1414 seriptum,
1120 1339 1154 1396 ei
1171 1337 1293 1398 debere

231 1444 339 1506 omnia
354 1443 495 1506 servicia
511 1442 880 1522 infrascriptasolvere,
892 1459 978 1504 anno
993 1443 1150 1521 quolibet,
1163 1443 1294 1506 infesto

229 1550 383 1614 Nathalis
396 1551 537 1614 Domini.

266 1675 277 1724 1
299 1657 328 1737 §-
344 1661 384 1720 Et
401 1657 510 1738 primo
528 1657 814 1732 PetrusBontosii,
831 1657 913 1718 alies
930 1659 1019 1732 Vtut,
1035 1657 1075 1719 de
1089 1661 1226 1734 Lazero,
1241 1706 1247 1720 .
1261 1708 1287 1724 ..

230 1765 400 1829 confessus
426 1763 488 1827 luit
511 1782 548 1828 se
575 1767 693 1828 tenere
793 1766 827 1826 in
862 1764 1026 1826 directum
1051 1765 1231 1828 dominium
1260 1771 1294 1830 et

228 1875 427 1955 perpetuam
454 1873 700 1954 emphiteosim,
727 1873 892 1951 quandam
917 1876 1044 1935 terram
1074 1891 1177 1948 suem,
1196 1875 1293 1938 sitam

227 1981 262 2044 in
277 1981 450 2044 territorio
464 1981 543 2044 dieti
556 1981 621 2044 loei
633 1981 675 2043 de
687 1983 824 2056 Lazero,
837 1981 909 2043 loeo
922 1980 1009 2043 dieto
1024 1983 1127 2044 Retro
1142 1985 1295 2045 Potitum

230 2091 404 2164 Gilbaudl,
435 2087 679 2152 confrontatam
782 2104 856 2150 oum
884 2091 978 2150 terra
1005 2087 1181 2151 Bertrandi
1200 2088 1291 2163 Silvi,
1393 2111 1396 2118 ¹

228 2195 419 2271 notarii...
439 2211 515 2257 eum
541 2198 634 2257 terra
657 2195 824 2257 Guillelmi
847 2193 1063 2272 lingonis...
1098 2211 1172 2256 oum
1200 2197 1290 2257 terra

228 2301 395 2366 Guillelmi
417 2303 539 2365 Ceste:
556 2319 617 2382 pro
642 2319 706 2380 qua
729 2301 894 2365 servit...
916 2317 1018 2364 unum
1047 2301 1221 2364 denarium
1250 2303 1292 2364 de

227 2409 370 2474 servicio
383 2411 417 2472 et
433 2408 496 2471 duo
510 2408 652 2472 sestaria
668 2409 768 2484 bladi,
787 2409 827 2470 ad
843 2425 1033 2472 mensuram
1055 2409 1197 2487 legalem
1213 2409 1292 2471 dieti

226 2517 291 2580 looi
304 2536 311 2591 ;
326 2516 503 2580 retinendo
519 2514 605 2578 dicto
615 2516 992 2579 monasterio—laudimia
1003 2515 1036 2579 et
1048 2515 1288 2593 ostensionem,

226 2625 253 2688 si
268 2625 355 2688 dieta
371 2628 464 2687 terra
479 2622 698 2687 venderetur.
712 2671 719 2685 .
732 2671 738 2685 .
750 2624 965 2686 prominens.
978 2666 1004 2686 ..
1022 2627 1139 2686 Actum
1148 2624 1289 2710 Laterii,

224 2722 257 2796 in
273 2723 369 2794 domo
383 2731 499 2794 Poneii
512 2732 635 2793 Luneri
645 2750 652 2806 ;
660 2731 873 2811 presentibus
883 2750 889 2791 :
900 2730 989 2792 d0m⁰
999 2732 1288 2810 GeorgioMeanis,

225 2839 424 2920 presbitero,
440 2837 625 2900 Bertrendo
642 2837 735 2912 Silvi,
752 2838 884 2899 notario
906 2837 985 2900 dieti
1000 2838 1074 2900 loei.

263 2963 299 3009 11.
314 2944 342 3025 ς.
359 2946 448 3007 idem
467 2991 514 3008 ...
536 2944 707 3007 confessus
723 2945 783 3006 luit
798 2962 834 3007 se
848 2948 978 3009 tenere.
992 2991 1020 3007 ..
1037 2946 1226 3010 vineam...
1248 2949 1289 3012 ed

225 3054 369 3116 Fontem
382 3053 582 3127 Trebulam,
594 3055 690 3130 juxta
719 3055 843 3112 terrem
873 3052 1051 3114 Bertrendi
1073 3051 1240 3115 chabrelli
1256 3059 1290 3116 et

218 3163 313 3240 Juxta
340 3159 472 3222 vineam
492 3158 608 3221 Poneii
632 3158 768 3220 Lunarii
868 3177 875 3231 ;
899 3160 962 3236 -ἓ
1049 3162 1187 3235 terram,
1214 3177 1287 3223 oum

224 3267 363 3347 quodam
382 3283 529 3341 nemore,
546 3267 618 3328 loeo
634 3266 722 3328 dioto
738 3270 784 3328 ud
801 3267 990 3341 (lineolam,
1063 3268 1163 3344 juxta
1178 3267 1287 3332 rivum

224 3373 362 3451 Ginesti,
378 3421 425 3438 ...
445 3391 507 3454 pro
523 3372 640 3451 quibus
656 3373 778 3436 feeit...
797 3389 897 3435 unam
913 3374 1055 3435 eminam
1069 3373 1171 3448 bladi,
1186 3391 1285 3436 unum

224 3481 405 3557 denarium,
421 3498 519 3543 unam
536 3497 679 3561 cuppam
696 3480 763 3542 vini
776 3480 865 3557 boni,
881 3480 958 3560 puri
980 3481 1178 3559 obolariae
1194 3498 1287 3544 men-

225 3605 334 3650 suram
350 3587 430 3651 dieti
444 3587 523 3650 loei.
537 3635 563 3652 ..
584 3590 702 3650 Actum
721 3588 755 3648 in
771 3589 843 3649 loco
859 3586 1011 3666 predicto
1027 3605 1034 3661 ;
1050 3587 1262 3667 presentibus
1279 3607 1285 3648 :

222 3695 374 3758 iohanne
388 3694 555 3770 Dalmatii,
582 3696 624 3757 de
638 3698 767 3775 Ruppe,
784 3697 818 3757 et
840 3695 986 3756 Giraudo
1000 3695 1107 3776 Fusii,
1122 3695 1162 3758 de
1181 3699 1287 3758 Dero-

224 3802 363 3868 lodie...

262 3961 361 4028 239.
759 3967 886 4043 Lazer,
900 3957 1091 4038 refoverer
1105 3964 1245 4046 1386s7.

261 4139 313 4188 ns.
334 4125 350 4201 ἕ
447 4125 501 4188 die
527 4139 588 4188 nn⁸
610 4125 689 4188 dieti
712 4124 849 4200 mensis,
880 4125 1024 4188 Peneius
1051 4125 1209 4198 Lunerdi,

222 4231 415 4295 vineam
449 4233 489 4294 ed
510 4234 650 4295 Fontem
675 4233 920 4307 Trebulam...
953 4249 1014 4313 pro
1045 4250 1109 4312 que
1140 4233 1281 4298 feeit...

223 4357 320 4402 unum
352 4340 503 4418 quartale
529 4340 598 4402 vini
704 4343 737 4402 et
765 4357 868 4402 unum
892 4340 1022 4402 obolum
1041 4359 1104 4414 ...;
1130 4341 1284 4404 testibus:

223 4445 361 4508 Girardo
376 4448 472 4509 Pueti
551 4450 584 4510 et
599 4448 741 4510 Foleono
757 4447 923 4510 Moneebi.
937 4494 964 4510 ..

260 4570 308 4617 1v.
329 4557 345 4630 ξ
431 4554 597 4617 Falconus
611 4555 776 4632 Monechi,
868 4557 1000 4618 vineam
1087 4556 1128 4617 ed
1147 4557 1284 4619 Fontem

221 4661 423 4737 Trebatem„
436 4708 462 4726 ..
479 4679 539 4742 pro
549 4679 612 4741 que
629 4663 720 4726 lacit.
734 4711 761 4726 ..
783 4681 883 4727 unum
899 4663 1069 4726 denarium
1085 4663 1126 4726 de
1141 4663 1282 4726 servicio

222 4772 254 4835 et
268 4786 369 4831 unum
385 4771 535 4852 quartale
551 4771 619 4834 vini
636 4817 679 4834 ...
698 4775 732 4833 et
747 4770 983 4853 mediletultem
996 4771 1206 4834 veneoiouis.
1219 4817 1241 4832 ..
