3378 5608
594 781 636 830 on
656 779 824 830 esannun.
1173 768 1233 828 275

171 925 252 992 sime
267 942 308 988 ac
319 943 393 989 cum
406 925 583 1007 multiplici
608 928 773 990 instancia
783 927 865 1007 petit
879 928 1045 1006 apostolos
1059 931 1091 990 et
1106 927 1233 990 litteras

171 1033 377 1096 dimissorias
391 1033 453 1096 sibi
468 1033 556 1096 tradi
572 1038 605 1096 et
618 1036 755 1097 concedi
770 1051 778 1110 ;
797 1039 986 1115 protestans
1004 1033 1236 1098 nichilominus

171 1139 256 1217 quod
278 1157 341 1221 per
356 1157 442 1215 eum,
459 1141 592 1204 nomine
618 1159 681 1219 quo
695 1158 807 1222 supra,
836 1158 901 1203 non
921 1144 997 1217 stat,
1014 1141 1114 1216 stetit,
1131 1158 1237 1220 neque

172 1248 273 1310 stabit
286 1249 462 1326 quominus
478 1266 535 1310 eos
547 1249 699 1328 recipiat,
719 1249 747 1310 si
763 1249 824 1310 sibi
839 1249 1025 1312 tradantur.
1046 1251 1094 1310 De
1108 1248 1236 1327 quibus,

171 1371 235 1416 una
258 1372 333 1424 cum
356 1355 575 1434 responsione
585 1355 700 1430 vestri,
718 1356 798 1418 dicti
815 1354 1079 1433 subcolleotoris,
1100 1355 1236 1434 siquam

171 1460 335 1523 duxeritis
363 1461 563 1539 faciendam,
588 1463 671 1524 alias
697 1463 780 1536 sine,
795 1461 878 1544 petit
903 1461 965 1524 sibi
986 1461 1059 1524 fieri
1074 1462 1240 1541 publicum

170 1567 441 1632 instrumentum.

209 1678 250 1738 Et
264 1674 372 1739 dictus
387 1675 475 1738 dom·
488 1676 655 1739 Alziarius
673 1677 713 1740 de
736 1679 858 1740 Sancta
887 1677 1003 1754 Maria,
1020 1676 1243 1740 subcollector

172 1783 376 1863 apostolicus
411 1785 594 1864 predictus,
625 1783 737 1846 audito
777 1785 812 1847 in
841 1783 963 1848 effectu
995 1787 1113 1847 tenore
1152 1784 1241 1846 dicte

172 1891 291 1954 cedule
306 1890 554 1970 appellationis,
564 1893 728 1972 prefatam
745 1893 1002 1972 appellationem
1018 1908 1083 1954 non
1098 1890 1239 1964 admisit,

172 2013 280 2075 neque
295 1996 472 2060 admittere
494 1999 566 2060 vult
581 2015 644 2061 nec
658 1999 814 2062 intendit.
838 2002 885 2061 De
900 1998 1016 2077 quibus
1031 1997 1195 2060 omnibus.
1208 2045 1235 2059 ..

166 2105 324 2183 prelatus
346 2105 433 2166 dom¹
447 2105 625 2168 Durandus
653 2106 787 2180 Ricolti,
804 2111 840 2168 ut
854 2109 1081 2186 procurator,.
1094 2153 1120 2166 ..
1138 2105 1242 2185 peciit

175 2211 208 2274 et
223 2212 399 2290 requisivit
414 2213 477 2275 sibi
491 2213 576 2288 fieri,
594 2215 681 2277 tradi
698 2218 733 2276 et
746 2214 841 2276 reddi
857 2214 1021 2296 publicum
1045 2214 1243 2276 instrumen-

176 2323 242 2380 tum
258 2337 322 2400 per
336 2337 389 2382 me
406 2322 573 2383 notarium
599 2321 767 2400 publicum
790 2322 1054 2402 infrascriptum.
1070 2320 1152 2381 Acta
1167 2319 1238 2380 lue-

176 2431 252 2489 runt
280 2427 343 2490 hec
369 2429 519 2508 Vapiuoi,
536 2429 570 2490 in
598 2429 694 2490 domo
710 2428 912 2491 venerabilis
928 2429 992 2489 viri
1008 2422 1091 2490 domi
1106 2425 1243 2487 (liraudi

176 2532 340 2614 Chaberti,
367 2535 557 2615 cappellani
590 2537 630 2598 de
660 2536 820 2614 Vapinco,
848 2535 1004 2598 videlicet
1039 2535 1074 2596 iu
1097 2535 1245 2610 introytu

177 2639 263 2702 dicte
280 2639 406 2716 domus,
422 2641 456 2703 in
471 2643 651 2721 presencia
669 2645 701 2704 et
715 2643 905 2706 testimonio
919 2643 998 2704 dicti
1012 2641 1096 2704 dom¹
1109 2639 1245 2702 Giraudi

178 2747 333 2810 Chaberti
349 2753 382 2810 et
410 2749 576 2811 Guillelmi
603 2750 747 2823 Garcini,
771 2749 830 2810 filii
857 2749 1018 2811 iohannis
1043 2748 1189 2822 Garcini,
1205 2747 1246 2808 de

180 2855 349 2928 Rabaono,
376 2855 417 2916 ad
443 2855 607 2933 premissa
628 2856 762 2918 testium
784 2859 979 2918 vocatorum
1005 2854 1199 2935 specialiter
1213 2858 1245 2917 et

179 2961 470 3038 requisiturum...
491 2980 498 3034 ;
516 2965 549 3024 et
568 2962 634 3024 mei
657 2963 830 3026 Francisci
851 2963 892 3024 de
912 2965 1032 3036 Tauc0,
1050 2961 1245 3024 habitatoris

180 3069 331 3146 Vapiuoi,
345 3069 468 3132 notarii
481 3069 606 3148 publici
622 3071 819 3132 auctoritate
833 3069 1033 3148 imperiali..
1047 3117 1054 3133 .
1074 3068 1107 3148 †.

211 3225 295 3292 *oris
311 3230 402 3292 perch.
419 3228 451 3278 de
463 3228 493 3281 46
508 3229 551 3293 lig.
568 3229 688 3293 Siquam
704 3229 774 3294 (coir
790 3237 822 3278 πθ
834 3229 920 3294 25¹7).
938 3229 978 3278 Au
993 3228 1040 3280 dos
1058 3229 1248 3278 :Instrumen-

171 3325 238 3366 ·tum
249 3319 280 3367 dc
292 3317 402 3369 decim
418 3323 472 3380 (nv⁰
490 3324 523 3380 ευ)
538 3334 595 3369 non
608 3319 744 3370 solvendis
757 3321 822 3384 (xvio
837 3321 880 3385 s0).
900 3319 965 3369 Sans
982 3324 1048 3370 cote.

221 3624 322 3688 259.
649 3627 838 3698 Ventaoon,
858 3628 1036 3699 ojanctcr
1052 3625 1211 3704 1419l20,

183 3792 436 3867 Tnsmunurun
451 3791 800 3882 Bnnru1s1n,nmmnn
812 3791 1251 3899 Cunnnnrlslonumoms

453 4017 456 4024 ¹
554 3945 599 4002 uu
622 3928 810 4004 Vnnrnono
827 3930 865 3999 ⁴¹.

212 4081 382 4145 nnumine
404 4082 544 4156 Domini,
573 4099 680 4144 amen.
706 4087 801 4144 Anno
827 4081 1067 4144 incarnationis
1092 4080 1254 4142 dominice

187 4104 211 4251 l
232 4188 410 4250 millesimo
426 4189 750 4266 quadringentesimo
767 4189 893 4251 decimo
915 4205 1013 4262 nono,
1031 4193 1064 4251 et
1088 4188 1142 4250 die
1158 4190 1256 4249 sexta

186 4297 310 4358 mensis
321 4297 479 4375 januarii.
496 4296 676 4376 Explorate
702 4296 766 4358 lide
789 4296 937 4359 decrerit
966 4296 1143 4374 antiquitas
1172 4311 1249 4372 ges-

188 4405 296 4464 torum
314 4419 428 4464 rerum
444 4403 565 4465 seriem
580 4404 613 4464 in
628 4404 761 4482 publica
776 4404 903 4465 minuta
925 4403 1103 4476 conticere,
1125 4419 1166 4464 ne
1180 4417 1255 4481 pre-

188 4507 364 4572 teritorum
380 4509 599 4590 memoria[m]
617 4511 703 4573 edax
714 4513 885 4572 consumat
903 4509 1035 4588 oblivio,
1048 4511 1106 4572 sed
1123 4525 1257 4588 semper

188 4615 373 4679 indiscussa
389 4621 522 4678 maneat
550 4618 702 4696 probatio
728 4617 891 4679 veritatis.
919 4620 1117 4697 Eapropter,
1140 4621 1260 4679 noscat

191 4723 428 4786 modernorum
442 4724 631 4803 presencia,
649 4728 683 4786 et
698 4725 884 4786 suturomm
897 4724 1077 4803 posteritas
1089 4723 1257 4801 nonigne-

191 4833 253 4905 ret,
266 4830 330 4893 hoc
345 4848 488 4911 presens
503 4849 619 4894 verum
636 4835 670 4894 et
684 4832 853 4911 publicum
868 4833 1127 4894 instrumentum
1141 4830 1259 4902 visuri,

207 4939 312 5001 ecturi
329 4941 361 5001 ot
377 4939 533 5012 audituri,
553 4941 638 5018 quod
656 4957 727 5002 cum
745 4941 786 5002 sit
806 4987 852 5003 ...
881 4939 1003 5001 rationi
1019 4955 1216 5000 consonum.
1229 4983 1256 5001 ..
