3378 5608
601 725 645 779 nn
663 726 827 779 seauton.
861 787 865 794 ,
1186 713 1250 778 285

180 872 359 955 iniragium
371 876 404 936 et
414 871 647 942 investituram
662 875 811 954 ejusdem
835 877 947 953 terre,
976 875 1114 943 duorum
1141 875 1243 939 liore-

181 995 298 1046 norum
318 983 461 1044 monete.
487 981 580 1058 Quod
608 982 739 1062 quidem
764 982 1000 1063 intragium...
1030 981 1240 1047 babuisse...

180 1087 241 1152 luit
278 1088 453 1154 consessus
474 1089 580 1153 dictus
609 1088 716 1152 irater
752 1091 925 1154 Petrus...
964 1091 1004 1152 ut
1036 1088 1100 1154 ruit
1132 1091 1242 1154 actum

185 1195 337 1275 ...quom
353 1196 501 1260 sidietus
513 1197 682 1262 lohannes
698 1196 813 1260 Gillini
826 1197 881 1262 vel
896 1196 962 1276 sui,
977 1197 1011 1260 in
1025 1198 1141 1260 eadem
1152 1200 1246 1260 terre

179 1302 275 1366 vellit
289 1302 462 1368 edifficare
478 1320 537 1368 seu
551 1307 748 1368 construere
763 1303 896 1368 domum
910 1303 1132 1380 foresteriam
1158 1303 1246 1382 qnod

180 1411 287 1491 ipsam
300 1411 413 1476 faeere
429 1415 465 1476 et
479 1410 649 1478 edifficare
661 1412 780 1492 possit.
793 1460 801 1476 .
813 1461 820 1476 .
832 1414 943 1488 item„
955 1458 983 1473 ..
999 1410 1089 1492 qnod
1104 1410 1133 1474 si
1140 1409 1248 1474 dietus

181 1517 350 1584 lohannes
361 1520 416 1582 vel
431 1519 483 1582 sni
495 1519 622 1584 vellent
633 1519 757 1595 faeere,
772 1519 807 1582 in
821 1521 906 1600 pede
922 1518 1009 1584 dicte
1022 1522 1125 1594 terre,
1151 1517 1246 1582 nide-

181 1624 263 1688 lioet
290 1625 326 1688 in
350 1625 481 1706 cumba,
516 1626 683 1692 dimidiam
707 1629 910 1706 seytoratem
938 1625 1042 1708 prati,
1075 1624 1161 1704 qnod
1182 1624 1248 1690 hoo

179 1733 311 1814 possint
324 1734 450 1800 iacere.
463 1782 490 1800 ..
523 1737 629 1815 Item„
641 1784 669 1800 ..
687 1736 773 1814 quod
788 1735 894 1798 dietus
909 1733 1144 1798 iraterPetrus
1165 1749 1245 1814 pre·

179 1839 1243 1924 sentemoontraotnmrattitioareetapprobareiaoietperdiotas

180 1947 332 2012 dominas
351 1949 514 2014 moniales
533 1949 575 2014 de
598 1949 819 2014 Bortaudo...
849 1951 966 2014 butum
1001 1947 1176 2022 Ventaoni‚
1212 1949 1247 2010 in

183 2054 280 2118 domo
294 2055 470 2120 Bertrandi
485 2057 527 2120 de
551 2057 634 2140 Alpo
648 2075 655 2132 ;
669 2056 901 2138 presentibus:
916 2054 1040 2120 Jacobo
1054 2054 1246 2134 Bonafldey,

183 2162 358 2226 Guillolmo
380 2165 574 2238 Bonvonuti
602 2164 644 2226 de
664 2166 849 2242 Ventaono,
871 2161 1047 2227 Mioaholle
1066 2162 1177 2238 Fabri,
1207 2163 1248 2226 de

183 2274 389 2346 Savornono‚
404 2270 591 2334 habitatore
606 2271 685 2334 dicti
700 2271 765 2336 loci
779 2271 821 2334 de
834 2273 1019 2346 Ventaono,
1036 2270 1175 2334 testibus
1189 2288 1196 2344 ;
1214 2271 1249 2332 et

182 2397 235 2444 me
261 2378 385 2442 Jaoobo
412 2377 511 2460 Rusti,
538 2380 579 2442 de
603 2379 752 2460 asperis,
767 2377 954 2442 habitatore
967 2380 1001 2442 et
1023 2377 1132 2440 scriba
1154 2376 1248 2440 ourie

183 2487 248 2550 loci
278 2485 421 2568 predicti
446 2485 488 2548 de
513 2488 699 2565 Ventaono,
727 2486 857 2550 notario
889 2485 1021 2566 pnblioo
1050 2483 1249 2548 anctoritate

185 2594 355 2676 imperiali
368 2595 569 2658 constituto..
578 2593 619 2675 .†.

213 2756 222 2776 ¹
239 2754 313 2820 Orig.
331 2756 421 2820 purch.
429 2754 461 2804 de
473 2753 505 2806 68
516 2754 561 2820 lig.
571 2754 691 2820 Signum
703 2755 886 2820 ropre'sontant
899 2768 935 2804 nn
947 2767 1019 2804 ooeur
1027 2751 1160 2804 surmont&
1171 2747 1247 2803 d⁴uno

183 2841 253 2894 croix
268 2849 294 2894 ot
309 2843 426 2894 ansermi
441 2843 507 2894 dens
537 2859 572 2894 un
601 2843 679 2894 cedre
703 2844 827 2907 supporto
850 2858 899 2908 par
928 2857 963 2892 nn
995 2840 1120 2908 piodosial
1146 2838 1249 2892 aocostt

182 2932 231 2982 des
245 2932 336 2984 lettres
349 2934 372 2986 J
387 2937 414 2984 ot
424 2933 464 2988 R·
478 2933 592 2985 iubas:
610 2949 622 2979 ι
637 2933 700 2984 Non
714 2941 752 2982 ost
760 2933 1096 2996 firrnotoperoonnentum
1103 2929 1248 2991 Bet-loudl,

183 3036 233 3072 neo
240 3021 532 3087 aequanimitatem
538 3022 579 3074 ita
588 3021 868 3086 uttwmimtumper
880 3031 1053 3083 oonoenturn
1061 3035 1148 3085 puero
1160 3019 1249 3072 nichil

182 3112 256 3161 valet
269 3126 317 3163 neo
330 3127 433 3176 ungam
446 3111 555 3164 notabit.
571 3110 698 3162 Victurus
726 3109 881 3162 liburnum»
914 3111 1033 3174 (1v0s0).
1061 3110 1104 3160 Au
1126 3110 1172 3160 dos
1187 3125 1193 3159 :
1209 3109 1249 3162 Do

190 3203 329 3274 Ventooae
347 3203 406 3268 (w
421 3205 466 3267 ε’).
486 3201 569 3254 Coto:
587 3199 745 3262 Ι),8Ἰ5;1«“,
760 3199 815 3249 360.

187 3509 286 3574 264.
807 3509 974 3584 Bertaud,
990 3507 1011 3570 3
1030 3507 1122 3571 avril
1138 3508 1242 3572 1446.

254 3680 426 3756 Srnrnsnr
442 3677 622 3769 triremi,
641 3693 861 3756 unaolroins
879 3675 1014 3752 Monrrs
1045 3675 1178 3766 Minas,

560 3811 875 3888 lrulrlusnrun*.

214 3990 237 4040 n
251 3974 384 4040 nomine
398 3971 528 4036 Domini
542 3972 647 4036 nostri
662 3969 766 4034 Jbosu
780 3967 901 4052 Xpisii,
918 3983 1024 4030 amen.
1036 3969 1130 4030 Anno
1145 3967 1249 4032 domi-

188 3997 211 4146 l
235 4079 562 4146 nioeinoarnationis
577 4077 728 4158 ejusdem
747 4076 922 4140 millesimo
943 4077 1248 4153 quatercentesimo

187 4189 440 4268 quadragesimo
452 4190 560 4262 sexto,
572 4189 605 4250 et
619 4185 672 4247 die
687 4184 791 4247 tercia
806 4183 929 4246 mensis
937 4181 1068 4262 aprilis.
1080 4226 1087 4243 .
1100 4229 1108 4246 .
1127 4184 1250 4246 Notum

187 4297 243 4361 sit.
257 4346 263 4358 .
277 4345 283 4358 .
297 4294 620 4376 quodoongregatis.
633 4339 660 4354 ..
680 4289 923 4354 venerabilibus
938 4293 974 4352 et
985 4289 1153 4368 religiosis
1167 4290 1250 4354 viris

165 4415 168 4420 ·
188 4405 276 4468 dom⁰
288 4405 388 4468 Petro
401 4404 441 4466 de
455 4401 564 4476 Motis,
580 4399 707 4462 vicario
717 4395 918 4461 venerabilis
927 4395 1122 4460 monasterii
1133 4397 1250 4460 domus

189 4511 230 4574 do
255 4509 493 4584 Bertaudo,...
527 4508 612 4570 dono
641 4505 792 4570 Johanne
817 4503 930 4582 Regis,
960 4503 1193 4584 procuratore,
1214 4505 1250 4565 et

188 4617 436 4686 venerabilibus
463 4615 632 4694 religiosis
660 4611 854 4676 dominabus
880 4609 1078 4674 monialibus
1101 4609 1249 4689 ejusdem

190 4725 305 4790 domus
321 4726 363 4789 de
379 4722 544 4788 Bertaudo
575 4739 581 4782 :
607 4718 791 4798 Margarita
805 4719 847 4781 do
864 4721 1051 4800 Avansono‚
1066 4717 1247 4800 prioressa‚

188 4833 355 4898 Anthonia
369 4830 550 4915 Moyuerie,
563 4827 719 4892 Biatrisia
731 4826 868 4904 Fulque,
884 4826 1066 4905 Margarita
1079 4825 1120 4890 de
1137 4827 1250 4889 Monte
