3378 5608
592 699 635 750 un
656 697 823 750 sennenn.
1167 659 1240 744 269

170 849 203 910 et
215 847 369 910 serviciis
384 847 559 926 exigendis
578 867 585 922 ;
612 846 787 928 requisivit
801 862 860 926 pro
874 847 965 908 tanto
979 843 1150 908 humiliter
1164 841 1235 906 dic-

169 958 237 1016 tum
251 955 350 1017 dom¹¹
373 955 533 1034 judicem,
551 958 714 1034 quatenus
738 952 916 1034 precipere
937 951 1041 1014 vellet
1066 951 1100 1014 et
1123 949 1239 1026 digna-

170 1065 264 1124 retur
278 1061 369 1124 dicto
385 1060 546 1138 magistro
561 1060 714 1137 lohanni,
730 1062 766 1122 ut
781 1075 800 1120 a
815 1057 901 1120 dicta
917 1061 995 1120 nots
1006 1057 1139 1131 iterato,
1152 1053 1240 1134 quod

172 1169 234 1230 erit
255 1167 480 1240 secondario,
510 1166 667 1230 extrahet
694 1164 792 1244 alque
819 1167 951 1242 grosset
976 1166 1009 1226 et
1043 1162 1077 1224 in
1098 1161 1238 1224 formum

171 1273 336 1355 publicam
362 1274 494 1352 redigat
533 1274 715 1336 clausulam
747 1271 955 1350 predictam,
983 1285 1050 1332 non
1086 1268 1239 1332 obstante

171 1381 255 1460 quod
271 1381 387 1457 semel,
403 1385 440 1443 ut
453 1383 638 1461 protectum
653 1383 716 1454 est,
733 1379 774 1441 ab
789 1379 905 1441 eodem
920 1379 1073 1440 extracta
1090 1377 1124 1438 et
1139 1393 1236 1454 gros-

171 1489 242 1550 sata
258 1487 369 1550 tuerit.
397 1485 459 1561 Qui
483 1486 616 1566 quidem
632 1485 739 1549 dictus
763 1485 869 1562 judex
889 1483 1079 1562 hujusmodi
1100 1483 1234 1564 exposi-

171 1595 262 1657 tione
277 1597 312 1657 et
336 1594 556 1674 requisitione
584 1592 778 1674 preauditis,
798 1591 945 1672 ipsisque
960 1594 1120 1669 tanquam
1136 1591 1238 1652 ratio-

170 1701 291 1764 nabilis
306 1701 415 1763 anime
443 1705 608 1783 satagens,
623 1705 758 1780 recepto
772 1701 883 1761 tamen
897 1701 1090 1776 juramento
1105 1713 1125 1759 a
1150 1695 1238 1760 dicto

171 1807 276 1870 fratre
290 1807 477 1881 Guillelmo,
493 1823 587 1869 more
613 1806 845 1884 religiosorum
872 1821 973 1885 supra
997 1807 1114 1885 pectus
1142 1821 1238 1866 suum

171 1913 392 1993 corporaliter
405 1913 557 1992 prestito,
577 1913 709 1975 nomine
733 1912 810 1974 dicti
838 1909 1044 1984 monasterii,
1061 1909 1148 1989 quod
1162 1927 1239 1990 pre·

172 2021 258 2084 dicta
279 2035 346 2082 non
374 2020 459 2100 petit
482 2019 557 2081 dolo
583 2019 692 2097 aliquo
714 2033 774 2082 seu
804 2017 932 2092 fraude,
956 2017 1015 2079 sed
1041 2018 1239 2098 promajori

173 2143 210 2189 ao
225 2127 370 2206 turciori
395 2127 502 2207 ipsius
527 2126 720 2189 monasterii
728 2127 852 2204 jurium
868 2125 1122 2188 conservatione
1137 2141 1144 2200 ;
1159 2141 1235 2205 pre·

173 2235 261 2315 cepit
283 2238 318 2296 et
339 2234 485 2312 injunxit
499 2233 587 2297 dicto
616 2234 777 2312 magistro
802 2233 946 2296 iohanni
963 2231 1140 2306 Gachonis,
1161 2249 1238 2311 pre-

174 2342 277 2404 sentis
297 2345 331 2404 et
345 2340 517 2404 confitenti
533 2345 644 2403 notam
671 2341 750 2404 dicti
764 2339 956 2403 testamenti
971 2355 1007 2403 se
1023 2339 1099 2401 olim
1128 2355 1238 2418 sump-

174 2449 257 2512 sisse
287 2465 327 2511 ao
351 2464 457 2528 penes
485 2465 521 2510 se
548 2447 684 2523 habere,
715 2451 748 2510 et
780 2448 963 2510 clausulam
991 2445 1174 2525 predictam
1204 2447 1238 2508 in

173 2553 303 2618 modum
316 2555 526 2634 {predictum
543 2555 649 2634 ipsum
673 2555 912 2617 monasterium
938 2557 1139 2630 tangentem,
1158 2569 1237 2631 qua-

173 2666 281 2738 tenus,
296 2662 385 2724 intra
399 2662 514 2725 decem
541 2662 612 2724 dies
627 2661 808 2742 proximos,
826 2662 947 2724 adiuta
963 2664 1041 2724 notu
1055 2659 1237 2724 clausulam

174 2768 361 2850 predictam
396 2773 588 2847 tangentem
633 2768 756 2832 dietum
801 2769 1040 2831 monesterium
1084 2767 1238 2830 extrahet

174 2881 272 2955 atque
287 2878 427 2954 grosset,
446 2879 480 2938 et
501 2876 535 2937 in
551 2876 691 2938 formam
710 2875 875 2956 publicam
890 2875 1032 2954 rediget,
1049 2891 1122 2938 cum
1149 2891 1237 2938 anno

174 2983 237 3060 die,
269 2983 405 3046 consule
432 2985 467 3045 et
490 2983 565 3046 eliis
593 2983 719 3045 viribus
755 2981 835 3045 dicti
857 2982 1073 3057 testamenti;
1101 2986 1135 3045 et
1162 2982 1238 3044 inde

175 3089 363 3166 grossatum
389 3089 500 3152 tradat
523 3089 610 3152 dicto
633 3089 774 3164 notario,
805 3087 864 3151 sub
893 3105 979 3168 pena
1006 3091 1037 3152 X
1064 3088 1236 3164 librarum,

175 3195 344 3260 satisfacto
358 3195 420 3258 sibi
435 3200 545 3260 tamen
560 3197 652 3276 prius
666 3196 706 3260 de
721 3215 780 3260 suo
793 3197 922 3260 labore.
938 3200 986 3258 De
1000 3195 1117 3275 quibus
1129 3195 1236 3258 dictus

174 3302 336 3380 magister
354 3302 515 3366 Johannis
532 3303 571 3365 ad
593 3303 645 3366 sui
669 3303 853 3368 futurorum
875 3303 1076 3381 canthelam,
1092 3318 1154 3364 neo
1170 3318 1237 3365 non

177 3409 329 3472 etdiotus
352 3409 457 3472 trater
471 3409 677 3484 Guillelmus,
697 3410 830 3472 nomine
846 3427 909 3489 quo
934 3426 1049 3490 supra,
1066 3409 1239 3489 pecierunt

178 3516 239 3578 sibi
262 3515 337 3578 fieri
365 3517 568 3579 mandatum.
605 3517 698 3590 Quod
735 3517 835 3596 sripsi
872 3534 933 3596 ego
970 3517 1168 3578 Franciscus
1197 3517 1237 3578 de

176 3624 297 3699 Tanco,
336 3623 486 3685 notarius
518 3624 609 3686 curie
644 3624 797 3704 Vapinei,
827 3627 861 3686 et
892 3624 986 3702 signo
1014 3624 1117 3704 ipsius
1144 3621 1238 3686 curie

178 3729 306 3808 signavi
319 3731 353 3792 in
368 3731 589 3794 testimonium
605 3731 856 3812 premissorum.

208 3846 315 3928 'Copic
331 3864 356 3926 (d
374 3863 399 3912 la
420 3864 456 3913 fln
476 3864 508 3914 do
531 3864 607 3914 l'actc
638 3863 673 3914 du
692 3863 723 3914 20
744 3863 838 3914 scurier
854 3862 948 3929 1estt2)
964 3863 995 3914 dc
1011 3865 1039 3914 ld
1055 3863 1099 3928 lig.
1119 3862 1191 3929 (voit-
1204 3869 1236 3915 πθ

178 3951 259 4014 285,
271 3961 302 4004 n⁰
316 3954 348 4017 1).

217 4205 320 4270 256.
856 4209 1194 4286 consociandos.

180 4373 394 4450 llouisrunu
412 4392 458 4450 us
475 4374 678 4466 Bnurucno,
696 4393 830 4451 conrnl
855 4373 996 4452 Pernen
1022 4373 1173 4468 iturum,
1192 4390 1237 4451 us

203 4507 336 4586 Ssucro
351 4509 535 4586 Srurrnno
547 4529 580 4584 iu
594 4511 811 4602 Dnvomnm,
831 4529 876 4585 nu
890 4529 979 4587 omo
994 4528 1158 4586 recusus
1175 4510 1207 4582 *.

200 4675 222 4728 tt
246 4665 379 4729 nominc
409 4665 534 4730 Domini
557 4667 663 4738 nostri
687 4667 790 4731 Jhosu
815 4668 935 4747 Xpisti,
956 4685 1062 4732 amen.
1080 4671 1175 4730 Anno
1197 4665 1237 4730 ah

181 4685 465 4836 lincarnatione
508 4775 655 4852 ejusdem
711 4775 887 4838 millesimo
938 4776 1237 4855 quatercentesimo

181 4879 300 4962 quinto,
318 4883 352 4944 et
366 4879 418 4943 die
434 4881 614 4962 penultima
635 4882 758 4944 mensis
776 4881 888 4946 madii.
915 4883 1075 4946 Noverint
1089 4882 1237 4949 universi
