3388 5616
463 726 521 785 292
833 737 981 788 curares
1002 743 1044 788 111
1065 741 1149 789 1.-11.

462 897 565 962 super
579 883 695 944 eadem
711 883 892 958 concessis,
909 887 1182 964 exequcioneque
1196 905 1216 948 a
1237 885 1335 948 dorso
1360 886 1521 948 dictarum

455 990 642 1051 litterarum
658 991 838 1070 descripta,
855 1007 917 1054 nec
932 1009 998 1054 uon
1013 996 1047 1054 et
1062 994 1317 1073 supplicatione,
1334 1010 1397 1073 pro
1424 994 1519 1072 parte

450 1097 634 1173 jamdicta,
651 1097 705 1160 die
724 1099 875 1177 presenti
897 1099 1017 1174 oblata,
1035 1101 1248 1180 presentibus
1270 1100 1459 1174 annexatis,
1487 1104 1521 1161 et

455 1202 602 1282 ipsarum
615 1203 784 1266 tenoribus
797 1205 1026 1284 consideratis,
1041 1207 1134 1267 vobis
1161 1209 1195 1268 et
1208 1209 1356 1268 vestrum
1383 1205 1516 1268 cuilibet

455 1307 652 1382 insolidum,
668 1313 786 1372 tenore
803 1312 1023 1390 presencium,
1040 1312 1244 1392 precipimus
1257 1315 1290 1375 et
1304 1313 1511 1386 mandamus,

455 1418 619 1494 quatenus
636 1415 768 1478 dominc
784 1417 911 1497 Ruppis
926 1417 1155 1479 Arnaudorum
1172 1422 1205 1480 et
1227 1420 1299 1496 ejus
1323 1417 1508 1493 officiariis,

455 1523 673 1584 servitoribus
689 1527 723 1584 et
737 1525 967 1598 mercenariis,
979 1524 1013 1584 in
1027 1524 1098 1602 ipsa
1111 1525 1352 1604 supplicatione
1372 1525 1517 1586 mencio-

454 1630 552 1705 natis,
569 1634 729 1692 eteorum
742 1630 889 1704 cuilibet,
915 1647 1059 1693 necnon
1088 1635 1122 1694 et
1150 1631 1355 1708 generaliter
1382 1631 1514 1710 quibus-

454 1753 583 1815 cunque
605 1738 690 1813 aliis,
707 1738 875 1815 dequibus
892 1754 952 1817 pro
967 1743 1062 1817 parte
1073 1739 1235 1802 dictarum
1251 1739 1515 1819 supplicancium

454 1842 584 1905 fueritis
599 1845 763 1924 requisiti,
782 1849 814 1907 et
830 1861 944 1906 eorum
956 1845 1093 1907 cuilibet
1107 1846 1141 1906 in
1155 1846 1307 1918 solidum,
1317 1849 1352 1908 et
1364 1845 1424 1906 sub
1432 1862 1516 1924 pena

453 1966 514 2028 pro
530 1950 679 2027 quolibet
702 1951 817 2012 decem
846 1951 1057 2014 marcharum
1088 1953 1228 2030 argenti,
1243 1951 1375 2013 (1011110
1401 1954 1515 2013 nostro

454 2056 616 2136 Dalphiue
632 2057 842 2137 applicanda,
857 2061 893 2120 ut
913 2075 932 2119 a
947 2059 1232 2121 molestationibus
1253 2057 1515 2138 etimpedimen-

453 2164 505 2237 tis,
544 2163 585 2225 de
620 2163 735 2242 quibus
770 2165 804 2226 in
837 2164 1133 2242 supplicationibus
1167 2166 1271 2244 ipsius
1301 2165 1339 2226 tit
1366 2164 1514 2237 mantin,

453 2274 586 2333 cessent
621 2275 654 2333 et
689 2272 861 2345 desistant,
891 2289 954 2333 nec
980 2272 1091 2349 aliqua
1118 2271 1247 2333 inserte
1272 2271 1518 2350 quomodolibet

453 2377 597 2440 audeant
610 2378 664 2439 vel
679 2383 889 2457 presumaut;
909 2379 967 2439 sed
981 2379 1091 2440 omnia
1106 2378 1333 2458 inpedimenta
1356 2383 1391 2440 et
1414 2378 1515 2456 seysi-

451 2485 545 2560 nis,si
554 2502 616 2563 que
629 2485 763 2553 luerint,
779 2485 897 2546 tollant
905 2488 938 2546 et
951 2487 1115 2561 relaxent,
1124 2489 1400 2564 actemptataque,
1414 2485 1440 2548 si
1453 2501 1515 2563 que

451 2592 585 2667 fuerint,
611 2596 771 2654 revocent
793 2594 827 2654 et
841 2593 1033 2664 annullent;
1061 2611 1134 2654 cum
1158 2593 1414 2654 comminatione
1430 2592 1514 2670 quod

451 2699 559 2774 alias,
584 2701 625 2761 ad
644 2699 909 2761 declaraciouem
937 2699 1099 2761 dictarum
1126 2716 1286 2779 penarum
1312 2699 1514 2778 procedetur

451 2811 484 2867 ct
498 2807 594 2868 dictis
611 2806 875 2888 supplicantibus
890 2806 1119 2884 providebitur
1131 2811 1169 2868 ut
1182 2805 1282 2868 suerit
1298 2807 1455 2868 racionis
1475 2807 1514 2866 Et

450 2914 492 2974 (16
507 2913 734 2991 excequcione
749 2912 962 2992 presencium
978 2912 1053 2974 fieri
1067 2913 1197 2974 laciatis
1226 2916 1274 2974 tot
1296 2916 1375 2991 quot
1396 2929 1512 2974 neces-

449 3021 539 3082 saria
553 3019 676 3083 luerint
690 3019 921 3094 instrumenta,
940 3036 982 3082 ne
998 3020 1068 3098 quis
1083 3020 1123 3082 de
1149 3019 1321 3099 premissis
1350 3020 1509 3097 ignoran-

448 3129 533 3190 ciam
546 3129 745 3208 pretendere
761 3127 872 3189 valeat
885 3128 919 3188 in
935 3127 1097 3188 futurum.
1122 3130 1240 3188 Datum
1265 3127 1509 3206 Gracioncpoli,

447 3235 499 3296 die
514 3239 608 3298 sexta
623 3234 747 3296 mensis
761 3234 961 3307 novembris,
977 3250 1064 3295 anno
1088 3233 1218 3294 Domini
1233 3231 1411 3294 millesimo
1427 3249 1506 3311 qua-

445 3341 683 3404 tercentesimo
698 3340 950 3418 quadragesimo
964 3340 1115 3419 septimo.

484 3453 550 3510 Per
576 3447 745 3509 dominum
774 3446 1050 3519 Gubernatorem,
1067 3447 1107 3508 ad
1137 3445 1340 3508 relacionem
1358 3445 1507 3518 Consilii,

444 3573 509 3633 quo
525 3554 622 3617 erant
637 3553 759 3614 domini
773 3555 839 3614 Ste.
856 3552 1064 3630 Guillionnis,
1077 3552 1187 3630 legum
1202 3556 1235 3614 et
1263 3553 1369 3627 miles,
1397 3553 1504 3632 presi-

443 3664 534 3736 dens,
553 3665 586 3722 et
600 3663 650 3724 10.
667 3658 783 3734 Baiuli,
802 3659 974 3735 utriusque
985 3659 1071 3735 jnris
1087 3659 1257 3720 doctores.

1144 3796 1190 3853 Du
1210 3791 1416 3873 Viunmnsll)

482 3905 576 3983 [Plus
590 3907 649 3966 bas
663 3903 687 3982 ε)
704 3900 811 3963 Gratis
826 3918 886 3981 pro
899 3904 980 3964 Dee.

440 4091 541 4155 2⁷1.
1237 4089 1392 4148 lbmurs
1406 4087 1501 4147 1448.

834 4225 1106 4338 [Eudaemon]

486 4435 552 4482 nno
569 4416 725 4480 navitatis
745 4415 875 4477 Domini
900 4414 1075 4476 millesimo
1103 4412 1406 4490 quatercentesimo
1429 4431 1504 4492 qua·

506 4525 692 4602 dragesimo
707 4531 833 4597 octavu,
851 4525 884 4584 et
897 4523 949 4582 die
965 4521 1093 4584 decima
1106 4521 1220 4598 quinta
1232 4520 1357 4581 mensis
1374 4521 1500 4581 marcii.

436 4633 653 4695 presentibus
668 4631 788 4693 litteris
800 4628 1001 4708 presentatis
1011 4627 1200 4690 honorabili
1211 4631 1244 4687 et
1256 4627 1502 4706 circumspecto

436 4755 475 4801 ac
495 4739 650 4801 discretis
672 4737 752 4798 viris
782 4737 913 4796 domiuo
937 4738 1038 4795 Petro
1065 4733 1214 4808 Clavelli,
1243 4732 1446 4795 baccallaric
1468 4733 1500 4793 in

434 4843 573 4922 legibus,
590 4843 764 4921 vicejudici
780 4841 872 4904 curie
892 4839 1075 4920 dalpbinali
1098 4839 1250 4918 Vapinci,
1274 4842 1308 4900 et
1329 4837 1500 4917 Stephano
