3378 5608
400 557 459 618 278
779 568 924 618 cataros
944 570 985 618 uu
1007 570 1090 617 mo.

444 743 544 807 260.
943 746 1105 818 Bertacd,
1123 746 1166 806 18
1180 746 1313 808 octobre
1329 746 1425 809 1432.

404 936 672 1014 lusmuumruu
693 939 799 1013 Parni
820 937 1018 1022 Gaurvnsn,
1037 956 1082 1012 os
1099 957 1235 1013 birinus
1260 956 1385 1014 rioms
1405 932 1468 1042 [ou

456 1065 644 1176 vieincol,
662 1091 819 1148 vannius
839 1090 909 1148 rua
925 1091 1179 1148 uonisrnaruu
1194 1073 1410 1149 boimond.

423 1258 592 1321 unomine
607 1257 736 1318 Domini
749 1257 853 1320 thesu
872 1256 994 1336 Xpisti,
1023 1274 1129 1320 amen.
1158 1223 1254 1319 Anno
1266 1259 1468 1321 incarnatio-

401 1281 420 1427 l
455 1365 507 1426 nis
549 1364 699 1441 ejusdem
735 1364 910 1426 millesimo
956 1365 1258 1442 quatercentesimo
1299 1366 1469 1427 tricesimo

403 1472 561 1544 secundo,
576 1474 609 1532 et
624 1470 677 1532 die
692 1471 820 1532 decima
842 1474 960 1532 octava
974 1473 1098 1533 mensis
1122 1473 1279 1534 octobris.
1297 1472 1470 1534 Universis

402 1577 614 1640 manifestum
637 1576 762 1637 existat
792 1577 888 1654 quod.
909 1577 1129 1652 convocatis„
1143 1625 1168 1639 ..
1191 1579 1230 1639 ad
1252 1595 1368 1639 sonum
1384 1595 1471 1640 cam-

402 1701 500 1764 pane,
516 1687 552 1744 ut
581 1684 683 1744 moris
698 1686 761 1754 cst,
792 1683 945 1744 videlicet
968 1684 1000 1744 in
1029 1684 1250 1761 parlamento,
1267 1684 1300 1744 in
1325 1684 1472 1762 introytu

402 1793 549 1854 claustra
565 1790 761 1851 monasterii
778 1791 818 1850 de
845 1791 1023 1864 Bertaudo,
1043 1791 1168 1851 ordinis
1185 1792 1417 1864 cartusiensis,
1429 1791 1470 1852 ad

402 1901 497 1960 actus
511 1897 757 1976 infrascriptos
774 1897 931 1958 videlicet
947 1897 1157 1958 :honorabili
1177 1901 1210 1958 et
1224 1898 1383 1974 religioso
1398 1898 1469 1960 viro

402 2006 545 2086 dompno
561 2005 713 2066 iohanne
728 2004 863 2077 Volerii,
886 2004 1010 2065 vicario
1034 2004 1111 2065 dicti
1126 2004 1319 2065 monasterii
1337 2004 1378 2065 de
1391 2007 1469 2066 Ber-

401 2113 513 2187 tando,
531 2129 570 2174 ac
587 2109 834 2172 honorabilibus
850 2109 1017 2186 religiosis
1035 2109 1230 2172 dominabus
1246 2111 1414 2172 Anthonia
1429 2111 1470 2172 de

403 2221 514 2280 Monte
530 2217 674 2290 Orserio,
702 2217 884 2296 prioressa,
910 2216 1044 2294 Aleysia
1058 2217 1237 2294 herberia,
1272 2205 1405 2295 alaysia
1430 2217 1470 2278 de

402 2325 534 2401 Varcia,
547 2323 895 2400 AnthoniaMoynerii,
912 2323 1099 2396 celleraria,
1118 2323 1282 2385 Boatrisia
1298 2324 1467 2401 Folqueta,

402 2435 583 2512 Margarita
597 2433 638 2494 de
653 2434 765 2492 Monte
795 2432 938 2508 Orserio,
960 2432 1156 2505 sacristana,
1181 2433 1340 2494 Arnauda
1361 2433 1467 2508 Flete,

403 2539 1468 2617 AnthoniaBrune,JohannetaBrona,Margariiadehvansono,

404 2651 594 2727 Dragoneta
621 2648 663 2709 de
688 2650 852 2721 hureacO,
882 2647 1070 2725 Guigoncta
1095 2647 1136 2708 de
1157 2651 1268 2710 Monte
1290 2649 1422 2710 Orserio
1437 2652 1472 2710 at

404 2755 572 2819 Anthonia
598 2755 780 2828 Patrassia,
810 2754 1007 2816 monialibus
1035 2755 1229 2818 monasterii
1242 2755 1392 2833 predicti,
1412 2755 1470 2816 ibi-

405 2865 481 2925 dem
496 2862 698 2924 unanimiter
709 2861 750 2922 ad
762 2862 914 2938 invicem,
930 2862 1018 2922 inira
1032 2863 1153 2924 dictum
1169 2862 1421 2940 parlamentum,
1437 2863 1471 2924 in

406 2971 554 3047 introytu
570 2969 659 3031 dicte
674 2968 834 3043 claustro,
857 2967 1147 3047 cappitulantibus,
1176 2971 1339 3031 eteorum
1361 2969 1470 3048 cappi-

406 3077 512 3140 tulum
547 3077 587 3137 ad
612 3075 841 3154 infrascripta,
872 3076 1058 3136 nominihus
1077 3076 1145 3137 suis
1167 3080 1201 3137 et
1229 3077 1362 3138 nomine
1391 3075 1470 3138 dicti

408 3200 523 3244 eorum
546 3186 727 3244 conventus
755 3182 788 3243 et
815 3183 1009 3243 monasterii
1037 3183 1192 3243 Bertaudi
1219 3183 1407 3244 tenentibus
1435 3183 1470 3246 el

408 3289 653 3352 celebrantibus
672 3309 678 3362 ;
694 3292 728 3350 et
742 3290 846 3350 eciam
859 3289 978 3350 ibidem
996 3289 1037 3350 ad
1050 3289 1261 3367 infrascripta
1279 3291 1469 3368 peragenda

410 3395 600 3475 specialiter
636 3395 802 3456 existente
835 3398 868 3456 et
892 3396 1069 3456 constituto
1095 3395 1233 3473 provido
1267 3396 1339 3457 uiro
1368 3398 1468 3458 Petro

410 3503 597 3575 Genevesii,
623 3501 664 3563 de
694 3503 854 3581 Vapinco,
963 3501 1243 3564 tradiderunt
1283 3505 1353 3581 jam
1382 3503 1469 3564 dicte

409 3611 539 3672 domine
555 3610 743 3682 moniales„
756 3657 782 3672 ..
803 3608 843 3670 ad
860 3626 980 3670 novum
1001 3610 1184 3688 accapitum
1202 3612 1234 3670 et
1259 3609 1294 3670 in
1308 3626 1422 3670 veram
1438 3612 1470 3670 et

410 3721 606 3798 perpetuam
630 3716 862 3797 emphiteosim
889 3719 922 3777 el
947 3716 985 3776 ad
1014 3720 1209 3796 perpetuum
1237 3718 1469 3778 melioramen-

411 3830 492 3898 tum,
512 3825 743 3904 prenominato
771 3826 871 3886 Petro
900 3823 1098 3897 Generosii,
1126 3822 1247 3884 ibidem
1273 3822 1422 3903 presenti
1437 3824 1471 3882 et

411 3932 583 4011 aphitanti,
594 3981 619 3994 ..
635 3979 641 3992 .
662 3931 826 4009 quandam
842 3931 987 4007 ciusdem
1003 3931 1196 3991 monasterii
1211 3933 1344 4008 terram,
1355 3932 1470 3992 scitam

412 4041 445 4102 in
473 4039 642 4100 territorio
671 4038 821 4117 Vapinci‚
844 4037 916 4098 loco
940 4035 1025 4098 dicto
1055 4042 1099 4098 od
1126 4039 1271 4100 Fontem
1286 4042 1469 4113 Rootooro,

410 4150 507 4225 juxta
531 4147 597 4207 iter
624 4145 800 4225 publicum,
831 4149 865 4206 at
888 4149 986 4222 juxta
1012 4145 1175 4223 quandam
1202 4145 1332 4206 vineam
1366 4146 1470 4224 ipsius

413 4253 512 4327 Petri,
530 4256 563 4314 et
580 4256 678 4329 juxta
692 4255 824 4331 pratum
845 4252 1049 4330 cappellania
1064 4253 1314 4325 Puooetorum,
1336 4255 1369 4314 et
1375 4255 1472 4330 juxta

414 4359 546 4439 pratum
559 4358 711 4436 magistri
724 4358 895 4419 Francisci
906 4357 1064 4430 Arnaudi‚
1081 4358 1201 4418 notarii
1215 4361 1247 4419 et
1256 4361 1354 4435 juxta
1369 4375 1472 4436 quen·

415 4467 489 4526 dam
518 4466 639 4526 violum
665 4465 859 4539 vicinalem;
890 4465 979 4530 item.
1021 4464 1137 4525 eodem
1177 4464 1339 4541 modo‚...
1374 4481 1473 4541 quan·

415 4573 488 4633 dam
511 4572 609 4633 aliam
621 4570 700 4633 dicti
715 4571 910 4633 monasterii
925 4575 1048 4633 terram
1072 4571 1244 4644 modicam,
1275 4586 1337 4648 que
1365 4574 1415 4632 est
1439 4571 1473 4631 in

415 4679 498 4760 pede
512 4679 609 4742 rinae
625 4677 705 4742 dicti
715 4678 958 4764 monasterii...
963 4677 1060 4758 Juxta
1075 4679 1139 4740 itcr
1154 4678 1320 4759 publicum
1336 4681 1368 4742 et
1377 4680 1473 4758 Juxta
