3378 5608
420 657 480 722 alo
791 671 936 722 6666666
957 673 999 722 nn
1019 665 1109 720 6.-6.

420 818 524 892 166116,
548 818 654 892 miles
672 817 823 880 dominus
851 820 952 881 castri
980 819 1022 880 de
1043 820 1231 891 Ventaono,
1258 817 1481 896 Vapincensis

420 925 575 1002 diocesis,
601 928 755 987 teneatur
774 929 808 987 61
832 925 959 988 (1166166
982 925 1164 988 efficaciter
1192 923 1353 1002 obligatus
1375 939 1482 1004 penes

419 1031 655 1096 monasterium
669 1030 877 1094 dominarum
893 1031 1083 1094 monialium
1098 1032 1139 1092 (16
1153 1030 1329 1106 Β6616616,
1355 1029 1482 1109 Vapin-

421 1139 531 1202 censis
546 1137 716 1214 diocesis„
730 1185 757 1201 ..
776 1137 810 1200 in
833 1138 972 1216 triginta
994 1139 1138 1202 11666666
1164 1137 1247 1216 6661,
1261 1141 1329 1200 tam
1344 1153 1484 1216 666666-

422 1247 509 1308 sorio
533 1247 666 1308 nomine
690 1247 810 1308 nobilis
831 1249 1035 1324 Dragonete,
1052 1245 1119 1310 lilie
1135 1246 1273 1308 condam
1287 1244 1373 1307 dom¹
1387 1244 1485 1306 Petri

421 1354 555 1428 Abonis,
585 1354 700 1415 militis
725 1352 877 1429 condam,
895 1354 935 1416 de
960 1354 1117 1433 vapinco,
1140 1353 1320 1432 uxorisque
1339 1352 1484 1414 condam

421 1460 540 1523 nobilis
561 1459 652 1522 Petri
678 1461 720 1523 de
746 1461 924 1534 Turrcriis,
946 1462 987 1524 de
1014 1461 1167 1536 Talardo,
1183 1476 1336 1538 nuncque
1364 1458 1484 1520 uxoris

421 1567 540 1628 nobilis
555 1567 712 1629 Gauiredi
723 1567 763 1629 de
774 1569 883 1641 Forte,
893 1568 934 1630 (16
946 1567 1116 1642 Sistaric0,
1130 1585 1227 1647 quam
1238 1566 1338 1630 etiam
1350 1565 1484 1628 ratione

494 1673 662 1752 cujusdam
674 1673 775 1736 debiti
791 1674 1003 1754 septuaginta
1013 1676 1214 1737 florenorum
1225 1674 1310 1752 auri,
1322 1673 1485 1752 inquibus

422 1781 529 1844 dictus
543 1779 662 1841 nobilis
676 1779 862 1844 Ludovicus
876 1782 917 1844 de
931 1782 1127 1846 Mosteriis..
1140 1829 1166 1844 ..
1188 1782 1298 1844 166661
1318 1779 1485 1858 obligatus

424 1886 512 1950 dicto
527 1886 628 1948 nobili
639 1889 739 1948 Petro
755 1887 796 1949 de
807 1888 972 1950 Turreriis
988 1891 1021 1950 61
1035 1889 1077 1950 de
1092 1889 1168 1951 dote
1180 1889 1268 1950 dicte
1283 1890 1355 1966 eJus
1369 1886 1483 1959 uxori,

422 1994 527 2074 ipsius
550 1994 643 2057 Petri
655 1993 801 2071 heredis,
826 1999 926 2075 prout
947 1997 989 2057 de
1004 1995 1092 2058 dicta
1107 1995 1307 2074 obligatione
1321 1997 1355 2056 61
1369 1993 1484 2056 debito

424 2104 577 2162 constare
607 2101 770 2162 asseritur
789 2101 1008 2163 instrumento
1037 2119 1096 2164 666
1120 2104 1208 2175 6616,
1224 2099 1356 2180 sumpta
1383 2115 1485 2161 manu

423 2205 576 2284 magistri
585 2206 748 2268 Lantelmi
762 2206 1276 2287 6166616161,66166116666666,(16
1290 2207 1480 2276 Ventaono;

427 2361 474 2378 ...
493 2315 573 2376 item
588 2313 700 2388 etiam,
715 2330 758 2376 ex
773 2313 839 2376 alia
855 2318 962 2394 parte,
978 2315 1066 2378 idem
1077 2315 1196 2376 nobilis
1206 2313 1485 2376 dom·Ludovicus

423 2422 531 2485 eidem
546 2421 748 2484 monasterio
763 2424 964 2496 teneretur„
977 2468 1005 2486 ..
1025 2423 1154 2485 ratione
1180 2421 1394 2500 quarumdam
1406 2438 1486 2500 pos-

424 2529 609 2592 sessionum
624 2545 686 2608 per
703 2528 811 2608 ipsum
824 2528 1027 2592 Ludovicum
1049 2529 1090 2592 de
1104 2528 1272 2591 Mosteriis
1294 2545 1354 2592 seu
1368 2527 1480 2602 alium,

424 2639 497 2714 ejus
510 2636 653 2709 nomine,
667 2637 852 2714 captarum,
869 2639 1094 2715 receptarum,
1120 2636 1207 2698 16166
1217 2635 1485 2714 jurisdictionem

425 2745 458 2804 et
472 2741 677 2804 territorium
692 2759 786 2802 suum
814 2742 855 2804 de
876 2745 1062 2818 Ventaono,
1079 2743 1113 2804 in
1128 2743 1247 2822 quibus
1262 2741 1394 2820 quidem
1408 2758 1485 2820 pos-

425 2849 629 2912 sessionibus
653 2852 708 2927 Jus
735 2852 849 2928 petere
875 2849 1048 2913 decibatur
1072 2851 1160 2912 dicto
1188 2849 1400 2923 monasterie,
1416 2852 1484 2910 tarn

423 2957 458 3018 in
470 2955 729 3036 proprietatibus
751 2957 952 3026 earumdem,
979 2975 1076 3036 quarn
1101 2958 1135 3019 in
1149 2957 1308 3020 fructibus
1337 2957 1484 3037 ipsarum

425 3067 470 3137 et,
487 3081 531 3125 ex
545 3065 642 3142 66616
660 3063 737 3136 6116,
761 3063 817 3141 qui
831 3063 981 3143 precepti
997 3063 1099 3126 161666
1115 3064 1268 3126 (11666166
1284 3080 1347 3143 666
1361 3061 1484 3124 dictum

425 3172 522 3233 domm
543 3169 745 3232 Ludovicum
759 3187 819 3231 seu
833 3170 947 3245 alium,
969 3173 1040 3248 ejus
1058 3171 1202 3244 nomine,
1222 3174 1255 3232 et
1274 3187 1338 3248 que
1352 3185 1484 3251 posses-

426 3277 538 3340 siones
560 3284 657 3355 atque
671 3276 801 3338 1666166
814 3278 962 3356 16666616
979 3279 1019 3339 ad
1032 3278 1140 3358 ipsum
1160 3276 1396 3340 monasterium
1406 3292 1485 3356 per·

427 3387 532 3449 tinere
553 3385 758 3459 dicebantur,
786 3388 853 3446 tam
880 3385 1016 3448 racione
1037 3387 1223 3464 legatorum
1250 3384 1486 3447 nonnullorum

424 3493 626 3556 florenorum
642 3493 750 3555 eidem
772 3492 975 3554 monasterio
999 3509 1061 3572 666
1089 3493 1300 3572 quamplures
1325 3508 1488 3571 personas

424 3601 459 3662 in
472 3617 587 3663 eorum
608 3597 734 3661 ultimis
756 3599 992 3674 voluntatibus,
1009 3617 1108 3677 quam
1137 3600 1237 3662 etiam
1261 3599 1375 3680 quavis
1390 3614 1489 3660 occa-

428 3707 532 3783 sione,
547 3707 678 3769 ratione
707 3723 765 3769 seu
793 3723 894 3768 causa
922 3723 986 3785 que
1003 3706 1111 3769 eidem
1133 3707 1334 3770 monasterio
1354 3721 1489 3785 compe-

426 3815 499 3876 tere
513 3816 627 3893 posset
641 3814 676 3874 in
699 3813 780 3892 ipsis
805 3813 1072 3892 possessionibus
1100 3815 1134 3876 et
1160 3814 1325 3876 fructibus
1352 3829 1487 3874 earum-

428 3919 513 3982 dem.
537 3919 622 3982 Hinc
636 3923 689 3981 est
703 3919 798 3998 quod,
815 3919 879 3981 bac
905 3920 958 3981 die
972 3919 1133 4000 presenti,
1150 3919 1353 3994 constitutis,
1370 3935 1489 3981 coram

424 4045 488 4103 me,
505 4028 636 4090 notario
664 4028 808 4108 6661166,
821 4030 855 4089 61
880 4027 1018 4090 testibus
1043 4027 1279 4108 infrascriptis,
1293 4027 1379 4090 dicto
1394 4027 1485 4089 (1666ο

428 4135 591 4198 Ludovioo
612 4135 652 4196 (16
678 4134 846 4196 Mosteriis
934 4138 967 4196 61
983 4134 1141 4212 religioso
1165 4135 1238 4197 6166
1266 4134 1371 4197 166166
1395 4132 1488 4194 Guil-

428 4242 528 4304 161666
541 4242 582 4304 (16
596 4242 780 4316 Rivilhaco,
793 4241 918 4303 ordinis
934 4241 1170 4315 Cartuciensis,
1180 4242 1306 4304 6166616
1322 4244 1355 4303 61
1369 4255 1489 4321 procu-

427 4348 543 4412 ratore
557 4349 637 4411 dicti
650 4349 842 4411 monasterii
857 4349 1019 4412 dictarum
1034 4349 1226 4411 monialium
1242 4349 1282 4411 de
1308 4348 1487 4422 Bertaudo,

429 4459 462 4518 61
484 4457 524 4518 ad
549 4456 764 4536 infrascripta
790 4457 921 4536 plenam
945 4456 1126 4518 habentem
1150 4459 1363 4536 potestatem,
1388 4461 1492 4536 prout

429 4559 520 4626 clare
535 4565 662 4626 constat
675 4563 868 4642 quibusdam
889 4563 1010 4626 litteris
1041 4562 1229 4643 patentibus
1251 4563 1488 4642 infrascriptis,

433 4711 500 4733 ....
516 4670 743 4734 asserentibus
758 4671 846 4732 inter
861 4687 897 4732 66
912 4670 1032 4733 1661666
1044 4671 1165 4732 bonum
1176 4673 1209 4731 et
1221 4670 1329 4748 legale
1352 4686 1489 4749 compu-

428 4777 498 4836 tum
509 4792 548 4838 ac
559 4774 658 4839 finale
674 4778 837 4838 arrestum
849 4775 889 4838 de
903 4776 1055 4838 omnibus
1068 4779 1102 4837 61
1114 4775 1252 4852 singulis
1265 4775 1461 4856 supradictis
1480 4793 1488 4838 :
