3378 5608
442 702 502 760 212
818 717 965 766 cannam
985 718 1028 766 uu
1050 721 1135 768 u.-n.

444 859 620 939 phiteosim
635 875 693 920 sou
709 861 742 920 in
759 864 910 938 acaptum
925 871 1120 942 perpetuam
1135 864 1309 924 Guittelmo
1322 865 1506 942 Hymberti,

444 965 485 1028 de
512 969 624 1028 castro
660 966 782 1027 Montis
809 967 985 1042 Mauri...
1007 971 1172 1047 quandam
1198 974 1333 1048 terram,
1358 971 1453 1032 sitam
1478 971 1511 1031 in

443 1074 613 1136 territorio
629 1073 748 1134 Montis
761 1075 879 1147 Mauri,
893 1075 966 1136 icoo
982 1075 1070 1137 dicto
1087 1081 1124 1137 iu
1139 1081 1288 1139 odreciio
1302 1082 1343 1140 de
1359 1081 1507 1152 clarete,

440 1183 539 1256 ¹tanta
552 1184 675 1242 terram
698 1181 892 1242 monasterii
909 1181 948 1242 do
969 1184 1147 1258 Burmann,
1165 1187 1263 1262 prout
1278 1201 1363 1261 aqua
1386 1185 1510 1264 pendet

445 1291 583 1364 ctjuxta
599 1285 746 1348 combam
771 1285 812 1347 de
827 1287 975 1348 Clareto.
988 1334 1014 1348 ..
1035 1293 1069 1350 et
1087 1291 1188 1365 juxta,
1212 1289 1335 1352 terram
1351 1291 1509 1352 Garoino-

444 1412 515 1455 rum
529 1415 594 1464 ;...
615 1393 767 1454 faciendo
783 1393 871 1454 dicto
886 1395 1087 1456 monasterio
1104 1397 1284 1473 tayschiam
1301 1399 1334 1458 et
1349 1397 1508 1468 decimas,

445 1508 489 1573 et,
505 1501 538 1561 in
554 1501 638 1562 sesto
652 1499 803 1561 Omnium
819 1503 1026 1576 Sanctorum,
1047 1519 1146 1563 unum
1166 1503 1339 1564 donarium
1354 1505 1394 1564 de
1408 1502 1511 1564 serri-

445 1607 509 1668 cio.
524 1655 549 1668 ..
572 1607 620 1684 tut
632 1606 763 1685 supro).
778 1605 812 1686 †.

474 1768 485 1786 ·
500 1765 572 1830 Orig.
589 1765 679 1828 purch.
696 1765 727 1813 de
745 1766 773 1814 51
790 1765 835 1830 lig.
853 1765 899 1827 tp.
916 1766 1034 1830 Signum
1052 1783 1084 1816 on
1098 1769 1181 1818 forme
1205 1768 1306 1818 d’u'toilo
1327 1771 1343 1816 t
1367 1768 1382 1816 8
1405 1785 1510 1830 repons,

444 1856 562 1903 arcostee
574 1855 633 1902 d'un
650 1853 685 1906 G.
704 1853 744 1902 Au
759 1853 818 1902 dos:
836 1853 914 1903 Tenet
928 1856 1088 1921 Arnutphur
1101 1858 1228 1906 Arnoudi
1243 1857 1339 1906 Nostra
1353 1857 1469 1906 Domine
1479 1857 1511 1906 de

444 1943 548 2003 Pretio,
566 1943 698 1992 territorii
714 1943 816 1991 Montis
830 1943 935 1998 Mauri,
948 1953 972 1991 et
984 1949 1019 1992 est
1034 1941 1106 1994 dicto
1121 1953 1192 1996 terro
1204 1945 1257 1994 sito
1269 1945 1300 1993 in
1318 1945 1441 1994 Salauris
1455 1949 1511 2004 (xve

445 2039 487 2092 st).
507 2032 592 2081 Nocet
607 2031 698 2095 oclirpt
710 2032 741 2079 de
754 2032 882 2096 quelques
896 2041 977 2081 temes
990 2041 1013 2080 rt
1025 2047 1092 2096 pres
1106 2049 1142 2084 ou
1156 2035 1294 2084 torroirdc
1314 2035 1480 2083 Montmour
1495 2035 1511 2082 ἁ

445 2120 645 2170 Nostro-Datne
660 2121 704 2168 cles
719 2119 786 2168 Pru
803 2121 925 2182 (xv10s0).
941 2119 1138 2170 Nostro-Deme
1151 2123 1195 2171 des
1208 2121 1278 2172 Pras
1292 2126 1357 2187 (xvie
1373 2127 1415 2184 s‘).
1429 2122 1510 2172 Coto:

445 2208 476 2268 B,
491 2209 509 2272 †
526 2210 562 2258 Et
576 2209 758 2272 hornosoutus
777 2218 822 2270 eru
839 2209 868 2269 C,
885 2208 914 2258 16
926 2225 934 2269 ,·
948 2207 978 2268 D,
994 2208 1056 2271 ἵο6;
1075 2210 1104 2273 F,
1119 2210 1173 2262 303.

487 2517 582 2580 ius¹
1303 2523 1306 2528 ·
1342 2515 1467 2596 [sareu

491 2684 638 2757 Daunus
660 2701 778 2757 itiam
792 2701 861 2756 een
876 2699 1034 2756 uoumuu
1055 2701 1100 2756 nn
1115 2681 1211 2757 {turn
1229 2683 1468 2758 tnuiuuonun

781 2827 891 2890 nortui
922 2816 1119 2890 Bruanium
1142 2815 1174 2886 ⁴⁴.

486 2973 596 3032 'serior
634 2969 885 3049 supplicationis
923 2969 1016 3030 vohis
1061 2970 1149 3030 dom⁰
1179 2968 1355 3030 Provincic
1394 2985 1507 3032 senos-

447 3081 544 3142 calio.

487 3190 553 3248 Pro
568 3189 664 3265 parte
686 3184 917 3261 religiosarum
939 3183 1124 3260 mulierum,
1153 3184 1359 3245 ‹lorrainarum
1385 3184 1507 3244 monia-

448 3295 527 3355 lium
556 3291 750 3353 monasterii
777 3289 817 3351 do
849 3291 1030 3363 Bertaud0,
1060 3290 1245 3368 exponitur,
1273 3291 1506 3368 conquerendo

448 3415 550 3480 super
570 3397 777 3460 eovidelicet
793 3396 887 3474 quod,
903 3412 976 3456 cum
997 3396 1100 3457 multa
1125 3397 1320 3472 gravamina
1340 3399 1507 3458 monaste-

449 3508 535 3569 rium
566 3506 607 3566 de
635 3504 800 3566 Bertaudo
829 3503 1039 3581 experiatur,
1055 3501 1301 3581 (conquerendo
1326 3519 1429 3582 super
1455 3518 1506 3576 eo,

447 3611 615 3690 videlicet)
628 3627 690 3691 por
704 3610 810 3670 virum
827 3609 970 3670 nobilem
991 3609 1171 3670 Arnaidum
1187 3610 1324 3684 Flotam,
1338 3609 1508 3670 dominum

449 3720 553 3798 Rupis
564 3718 807 3789 Arnaudorum,
832 3732 871 3777 ac
887 3733 963 3776 suos
979 3715 1107 3793 bajulos
1123 3719 1156 3777 ct
1169 3715 1342 3791 homines;
1362 3718 1397 3776 et
1420 3715 1509 3776 nulia

448 3827 524 3887 inde
551 3823 777 3886 satisfactione
817 3823 925 3884 eidem
949 3822 1151 3883 monasterio
1175 3821 1261 3882 sacta
1290 3821 1413 3897 tuerit,
1447 3836 1508 3882 nec

448 3929 659 4010 inquisitcito,
677 3947 736 3991 seu
751 3927 881 4007 punicio
897 3945 958 4006 por
973 3929 1099 3990 curiam
1121 3927 1247 4005 regiam
1264 3927 1428 4000 stataria,
1445 3943 1508 4004 que

448 4039 574 4118 pluries
590 4036 702 4098 extitit
719 4035 880 4112 requisita
894 4052 954 4112 pro
976 4038 1071 4114 parte
1093 4035 1284 4096 monialium
1303 4033 1507 4095 anctodicta-

447 4163 530 4215 rum,
542 4146 636 4220 junta
654 4143 791 4203 sormam
808 4141 918 4202 littore
934 4138 1180 4219 procurationis
1204 4144 1237 4202 et
1252 4139 1468 4202 tioffensionis
1486 4155 1504 4199 a

447 4250 550 4326 Regia
564 4251 738 4326 Majcstate
754 4248 861 4310 eidem
877 4247 1089 4317 monasterio,
1103 4249 1172 4324 jam
1187 4249 1239 4308 est
1255 4247 1323 4320 diu,
1337 4261 1505 4318 concesse,

447 4359 535 4418 tracta
548 4356 650 4418 tuerit
668 4373 674 4429 ;
691 4359 724 4417 et
739 4358 930 4434 propterea,
947 4353 1022 4436 quia
1047 4354 1120 4432 ipsa
1135 4353 1230 4414 ouria
1245 4353 1279 4413 in
1298 4352 1506 4414 deffensione

447 4466 480 4523 et
493 4463 638 4524 tuicione
660 4461 785 4538 jurium
811 4459 890 4522 dicti
917 4459 1111 4520 monasterii
1126 4463 1179 4520 est
1194 4457 1394 4537 notgtligens
1411 4459 1444 4519 et
1458 4474 1506 4517 re-

445 4569 558 4642 missa,
574 4567 722 4646 prefatus
737 4565 865 4638 nobilis,
880 4565 983 4642 bajuli
1009 4568 1042 4626 et
1056 4564 1207 4626 hominos
1223 4564 1274 4624 sui
1287 4580 1352 4624 non
1366 4563 1505 4625 erubes-

445 4677 523 4735 cunt
537 4675 646 4752 ipsum
660 4671 898 4733 monasterium
914 4674 947 4732 et
960 4669 1063 4748 ipsius
1077 4670 1224 4732 membra
1240 4669 1398 4731 continuo
1412 4686 1506 4746 agra-

444 4795 526 4841 vare
542 4782 574 4840 et
588 4779 738 4854 injurias,
762 4779 906 4856 dampna
925 4779 959 4839 et
984 4777 1166 4840 violencias
1179 4777 1318 4852 inferre,
1346 4776 1380 4838 in
1400 4776 1505 4856 ipsius
