3378 5608
408 669 468 728 242
784 679 933 728 manans
951 675 994 728 nn
1014 675 1097 727 tu-n.

407 827 580 906 Moynerii,
601 826 737 902 notarii,
767 825 965 888 habitatoris
981 825 1134 905 Vapinei,
1165 824 1337 887 Francisci
1351 819 1470 898 Albini,

408 935 449 996 de
476 934 635 1014 vapicen
657 938 692 995 et
712 933 830 995 nobilis
860 931 999 996 Borneti
1027 931 1201 1012 Arnulpbi,
1226 931 1286 994 filii
1310 931 1473 994 naturalis

408 1041 527 1103 nobilis
547 1041 640 1103 Petri
669 1040 831 1121 arnulphi
860 1042 1011 1115 condam,
1042 1039 1231 1102 condomini
1246 1039 1286 1102 de
1311 1039 1473 1117 Cigoerio,

408 1149 610 1214 testium
632 1167 639 1224 ;
659 1153 692 1210 et
720 1149 786 1210 mei
813 1148 973 1210 lobannis
987 1147 1163 1227 Moynerii,
1191 1147 1313 1210 notarii
1339 1145 1475 1226 publici,

409 1255 607 1319 habitatoris
619 1256 774 1336 Vapiuci,
790 1254 992 1320 auctoritate
1002 1255 1171 1336 imperiali
1192 1254 1376 1318 constiluti.
1389 1299 1416 1317 ..
1432 1251 1470 1330 †.

440 1417 448 1436 ¹
466 1414 538 1479 Orig.
550 1415 643 1479 perch.
658 1415 690 1464 de
704 1413 736 1464 70
747 1413 794 1480 lig.
811 1414 970 1479 siccamen
990 1413 1074 1466 forme
1088 1414 1119 1464 dc
1141 1411 1211 1464 croix
1226 1429 1271 1464 sur
1280 1414 1344 1464 trois
1359 1411 1474 1478 gredins,

412 1506 528 1554 accosle's
553 1504 599 1554 des
616 1505 708 1554 lettres
729 1505 752 1556 J
775 1509 801 1554 et
812 1505 855 1554 ΙΙ.
879 1505 920 1554 Au
942 1502 1008 1553 dos:
1031 1503 1158 1554 Ventono
1170 1504 1236 1569 (τινο
1251 1505 1295 1568 ε’).
1310 1501 1477 1570 ΙοΙ>ἱίραῑίοη

409 1594 541 1644 ancienne
553 1595 618 1658 (xrr
640 1597 685 1659 ε’).
700 1593 765 1646 con!
785 1594 834 1656 :D,
847 1594 893 1645 865
906 1610 912 1658 ;
929 1593 960 1658 Ε,
973 1595 1022 1645 393
1040 1609 1046 1658 ;
1063 1593 1094 1658 F,
1109 1593 1165 1646 all.

414 1957 418 2040 ζ
452 1954 552 2019 232·
809 1951 1182 2034 Monitler-Allemont,
1198 1956 1241 2018 29
1251 1957 1327 2018 mot
1339 1953 1436 2016 1377.

498 2123 620 2204 licum
635 2121 785 2198 Jouluru
808 2123 981 2198 chuunru
995 2140 1150 2198 uucrrou
1171 2114 1399 2225 [lnuuuonmr

587 2247 1048 2358 Gauranu]s0uv1rnoucs
1068 2257 1246 2332 Burnum
1261 2255 1299 2332 *.

443 2411 614 2474 binomine
641 2411 782 2485 Domini,
808 2429 919 2475 amen.
951 2416 1044 2475 Anno
1069 2411 1308 2474 incarnationis
1332 2411 1479 2488 ejusdem

415 2433 638 2581 lmillesimo
667 2518 895 2581 tricentesimo
925 2520 1168 2598 septuagesimo
1191 2519 1344 2598 septimo,
1373 2521 1406 2580 et
1428 2518 1481 2580 die

418 2625 578 2688 vicesima
597 2641 685 2686 nona
704 2625 829 2686 mensis
858 2625 974 2688 madii.
1004 2628 1071 2687 Per
1090 2624 1188 2703 hujus
1209 2625 1282 2687 veri
1303 2625 1427 2705 publici
1446 2629 1482 2686 et

418 2732 598 2794 auctentici
624 2733 838 2794 inst-rumenti
865 2734 988 2795 seriem
1021 2732 1172 2807 cunctis,
1205 2736 1273 2794 tam
1314 2731 1481 2794 modernis

412 2855 515 2918 ,quam
531 2839 675 2918 posteris
689 2839 887 2914 bominibus»,
905 2841 1024 2920 procul
1041 2839 1139 2900 dubio
1155 2840 1283 2901 clareat
1308 2839 1483 2902 evidenter

416 2945 514 3025 quod,
529 2963 604 3008 cum
619 2946 738 3008 nobilis
752 2947 921 3010 Iohannes
936 2946 1102 3020 Richerie,
1115 2947 1156 3010 de
1168 2947 1481 3025 Ventaonovapin-

416 3052 527 3115 censis
540 3053 695 3133 diocesis,
708 3053 959 3132 etPellegrinus
982 3054 1133 3116 Gauterii
1148 3053 1298 3129 condam,
1314 3053 1484 3116 habitator

417 3159 496 3222 dicti
511 3160 588 3236 loci,
602 3161 677 3223 dum
692 3161 793 3222 vitam
805 3162 944 3224 duceret
958 3161 992 3222 in
1006 3159 1176 3238 humaniS,
1191 3161 1307 3242 plures
1322 3165 1356 3224 et
1370 3161 1482 3224 diver-

416 3285 471 3331 sos
485 3271 649 3332 tractatus
665 3272 699 3331 et
714 3273 909 3333 contractus
923 3269 1067 3333 invicem
1083 3271 1299 3345 exercerint„
1312 3317 1339 3335 ..
1355 3267 1483 3350 reperi·

417 3378 577 3454 returque
614 3376 764 3456 prelatus
799 3359 937 3440 condam
971 3378 1182 3456 Pellegrinus
1216 3395 1298 3457 erga
1331 3378 1484 3440 emndcm

416 3481 600 3546 Iohannem
628 3483 784 3547 Richerie
806 3485 954 3563 legitIme
982 3485 1111 3547 debitor
1130 3490 1165 3548 et
1187 3485 1352 3564 obligatus
1447 3484 1482 3546 in

417 3589 557 3652 diversis
584 3593 822 3672 peccuniarum
850 3593 1112 3671 quantitatibus,
1203 3593 1334 3656 scilicet
1424 3591 1483 3652 :iu

416 3699 519 3759 XVIII
531 3699 675 3761 florenos
691 3699 764 3761 auri
778 3717 853 3763 eum
869 3700 1004 3762 dimidio
1017 3719 1040 3773 ;.
1054 3746 1079 3764 ..
1101 3700 1134 3762 in
1151 3703 1225 3763 octo
1243 3701 1388 3762 florenos
1408 3699 1484 3760 auri

417 3812 452 3871 et
465 3825 566 3870 unum
590 3807 769 3870 sestarium
788 3823 920 3870 annone
938 3825 961 3882 ;.
974 3854 1000 3868 ..
1022 3807 1056 3870 in
1071 3811 1212 3890 quatuor
1224 3809 1369 3870 florenos
1384 3806 1457 3869 auri
1473 3825 1480 3866 :

417 3916 589 3994 dictusque
614 3915 732 3977 nobilis
756 3913 976 3993 pellegrinus,
1005 3930 1123 3995 notter,
1140 3915 1225 3978 sieut
1253 3919 1320 3978 Deo
1343 3913 1482 3996 placuit,

415 4023 503 4085 viam
516 4023 676 4085 universe
692 4021 804 4084 carnis
820 4023 864 4084 sit
887 4025 921 4085 et
947 4022 1049 4085 luerit
1070 4021 1254 4100 ingressus,
1273 4023 1407 4086 condito
1421 4037 1484 4100 per

416 4148 492 4194 eum
506 4147 565 4194 suo
580 4130 695 4192 ultimo
711 4133 923 4204 testamento,
942 4127 977 4191 in
992 4145 1055 4208 quo
1071 4133 1271 4192 conventum
1286 4133 1320 4192 et
1334 4129 1486 4192 dominas

416 4237 579 4300 moniales
600 4239 641 4300 de
654 4239 819 4300 Bertaudo
832 4237 974 4300 heredes
990 4237 1145 4316 instituit,
1158 4242 1196 4300 ut
1211 4239 1328 4314 fertur,
1350 4237 1486 4300 univer-

418 4344 504 4406 sales
523 4363 529 4416 ;
545 4347 589 4420 et,
606 4363 667 4425 pro
683 4345 835 4424 exequiis
856 4362 916 4407 seu
931 4343 1138 4406 funeralibus
1149 4345 1301 4426 corporis
1316 4361 1375 4407 seu
1390 4344 1487 4406 eada-

416 4452 509 4514 veris
525 4453 675 4530 ejusdem
692 4453 831 4514 condam
846 4452 1028 4528 Pellegrini
1043 4452 1245 4515 mutuaverit
1270 4469 1330 4514 seu
1359 4451 1484 4531 presti-

417 4558 497 4618 terit
511 4558 641 4638 septem
656 4560 801 4621 florenos
826 4559 910 4632 auri,
935 4559 1027 4620 nulla
1052 4559 1113 4620 sibi
1141 4559 1230 4621 iacta
1251 4577 1311 4622 seu
1332 4560 1486 4640 impensa

416 4664 591 4738 solutione,
609 4683 716 4742 neque
732 4667 961 4727 satisfactione
974 4666 1015 4729 de
1030 4667 1202 4746 premetis
1217 4669 1316 4746 prout
1328 4666 1459 4729 dicebat
1476 4683 1483 4740 ;

416 4775 461 4842 et,
474 4787 517 4832 ox
529 4775 613 4849 post,
628 4773 779 4851 prelatus
801 4773 971 4836 Iohannes
986 4773 1144 4837 Rieherie
1160 4775 1279 4837 emerit
1292 4792 1312 4836 a
1324 4774 1483 4852 religioso
